@software{llama-Index,
author = {Liu, Jerry},
doi = {10.5281/zenodo.1234},
month = {11},
title = {{LlamaIndex}},
url = {https://github.com/jerryjliu/llama_index},
year = {2022}
}


@article{autopandas,
  title={AutoPandas: neural-backed generators for program synthesis},
  author={Bavishi, Rohan and Lemieux, Caroline and Fox, Roy and Sen, Koushik and Stoica, Ion},
  journal={Proceedings of the ACM on Programming Languages},
  volume={3},
  number={OOPSLA},
  pages={1--27},
  year={2019},
  publisher={ACM New York, NY, USA}
}

@inproceedings{flashfill,
  title={A machine learning framework for programming by example},
  author={Menon, Aditya and Tamuz, Omer and Gulwani, Sumit and Lampson, Butler and Kalai, Adam},
  booktitle={International Conference on Machine Learning},
  pages={187--195},
  year={2013},
  organization={PMLR}
}


@misc{alpaca,
  author = {Rohan Taori and Ishaan Gulrajani and Tianyi Zhang and Yann Dubois and Xuechen Li and Carlos Guestrin and Percy Liang and Tatsunori B. Hashimoto },
  title = {Stanford Alpaca: An Instruction-following LLaMA model},
  year = {2023},
  publisher = {GitHub},
  journal = {GitHub repository},
  howpublished = {\url{https://github.com/tatsu-lab/stanford_alpaca}},
}

@misc{vicuna,
    title = {Vicuna: An Open-Source Chatbot Impressing GPT-4 with 90\%* ChatGPT Quality},
    url = {https://lmsys.org/blog/2023-03-30-vicuna/},
    author = {Chiang, Wei-Lin and Li, Zhuohan and Lin, Zi and Sheng, Ying and Wu, Zhanghao and Zhang, Hao and Zheng, Lianmin and Zhuang, Siyuan and Zhuang, Yonghao and Gonzalez, Joseph E. and Stoica, Ion and Xing, Eric P.},
    month = {March},
    year = {2023}
}

@article{chowdhery2022palm,
  title={Palm: Scaling language modeling with pathways},
  author={Chowdhery, Aakanksha and Narang, Sharan and Devlin, Jacob and Bosma, Maarten and Mishra, Gaurav and Roberts, Adam and Barham, Paul and Chung, Hyung Won and Sutton, Charles and Gehrmann, Sebastian and others},
  journal={arXiv preprint arXiv:2204.02311},
  year={2022}
}

@article{bubeck2023sparks,
  title={Sparks of artificial general intelligence: Early experiments with gpt-4},
  author={Bubeck, S{\'e}bastien and Chandrasekaran, Varun and Eldan, Ronen and Gehrke, Johannes and Horvitz, Eric and Kamar, Ece and Lee, Peter and Lee, Yin Tat and Li, Yuanzhi and Lundberg, Scott and others},
  journal={arXiv preprint arXiv:2303.12712},
  year={2023}
}

@article{scao2022bloom,
  title={Bloom: A 176b-parameter open-access multilingual language model},
  author={Scao, Teven Le and Fan, Angela and Akiki, Christopher and Pavlick, Ellie and Ili{\'c}, Suzana and Hesslow, Daniel and Castagn{\'e}, Roman and Luccioni, Alexandra Sasha and Yvon, Fran{\c{c}}ois and Gall{\'e}, Matthias and others},
  journal={arXiv preprint arXiv:2211.05100},
  year={2022}
}

@article{nori2023capabilities,
  title={Capabilities of gpt-4 on medical challenge problems},
  author={Nori, Harsha and King, Nicholas and McKinney, Scott Mayer and Carignan, Dean and Horvitz, Eric},
  journal={arXiv preprint arXiv:2303.13375},
  year={2023}
}

@article{brown2020language,
  title={Language models are few-shot learners},
  author={Brown, Tom and Mann, Benjamin and Ryder, Nick and Subbiah, Melanie and Kaplan, Jared D and Dhariwal, Prafulla and Neelakantan, Arvind and Shyam, Pranav and Sastry, Girish and Askell, Amanda and others},
  journal={Advances in neural information processing systems},
  volume={33},
  pages={1877--1901},
  year={2020}
}

@article{park2023generative,
  title={Generative agents: Interactive simulacra of human behavior},
  author={Park, Joon Sung and O'Brien, Joseph C and Cai, Carrie J and Morris, Meredith Ringel and Liang, Percy and Bernstein, Michael S},
  journal={arXiv preprint arXiv:2304.03442},
  year={2023}
}

@article{wang2018glue,
  title={GLUE: A multi-task benchmark and analysis platform for natural language understanding},
  author={Wang, Alex and Singh, Amanpreet and Michael, Julian and Hill, Felix and Levy, Omer and Bowman, Samuel R},
  journal={arXiv preprint arXiv:1804.07461},
  year={2018}
}

@article{wang2019superglue,
  title={Superglue: A stickier benchmark for general-purpose language understanding systems},
  author={Wang, Alex and Pruksachatkun, Yada and Nangia, Nikita and Singh, Amanpreet and Michael, Julian and Hill, Felix and Levy, Omer and Bowman, Samuel},
  journal={Advances in neural information processing systems},
  volume={32},
  year={2019}
}

@article{wei2022chain,
  title={Chain of thought prompting elicits reasoning in large language models},
  author={Wei, Jason and Wang, Xuezhi and Schuurmans, Dale and Bosma, Maarten and Chi, Ed and Le, Quoc and Zhou, Denny},
  journal={arXiv preprint arXiv:2201.11903},
  year={2022}
}

@article{kojima2022large,
  title={Large language models are zero-shot reasoners},
  author={Kojima, Takeshi and Gu, Shixiang Shane and Reid, Machel and Matsuo, Yutaka and Iwasawa, Yusuke},
  journal={arXiv preprint arXiv:2205.11916},
  year={2022}
}

@article{schick2023toolformer,
  title={Toolformer: Language models can teach themselves to use tools},
  author={Schick, Timo and Dwivedi-Yu, Jane and Dess{\`\i}, Roberto and Raileanu, Roberta and Lomeli, Maria and Zettlemoyer, Luke and Cancedda, Nicola and Scialom, Thomas},
  journal={arXiv preprint arXiv:2302.04761},
  year={2023}
}

@article{shen2023hugginggpt,
  title={Hugginggpt: Solving ai tasks with chatgpt and its friends in huggingface},
  author={Shen, Yongliang and Song, Kaitao and Tan, Xu and Li, Dongsheng and Lu, Weiming and Zhuang, Yueting},
  journal={arXiv preprint arXiv:2303.17580},
  year={2023}
}

@article{liang2023taskmatrix,
  title={Taskmatrix. ai: Completing tasks by connecting foundation models with millions of apis},
  author={Liang, Yaobo and Wu, Chenfei and Song, Ting and Wu, Wenshan and Xia, Yan and Liu, Yu and Ou, Yang and Lu, Shuai and Ji, Lei and Mao, Shaoguang and others},
  journal={arXiv preprint arXiv:2303.16434},
  year={2023}
}

@inproceedings{he2016deep,
  title={Deep residual learning for image recognition},
  author={He, Kaiming and Zhang, Xiangyu and Ren, Shaoqing and Sun, Jian},
  booktitle={Proceedings of the IEEE conference on computer vision and pattern recognition},
  pages={770--778},
  year={2016}
}

@inproceedings{redmon2016you,
  title={You only look once: Unified, real-time object detection},
  author={Redmon, Joseph and Divvala, Santosh and Girshick, Ross and Farhadi, Ali},
  booktitle={Proceedings of the IEEE conference on computer vision and pattern recognition},
  pages={779--788},
  year={2016}
}

@article{wang2022self,
  title={Self-Instruct: Aligning Language Model with Self Generated Instructions},
  author={Wang, Yizhong and Kordi, Yeganeh and Mishra, Swaroop and Liu, Alisa and Smith, Noah A and Khashabi, Daniel and Hajishirzi, Hannaneh},
  journal={arXiv preprint arXiv:2212.10560},
  year={2022}
}
@article{komeili2021internet,
  title={Internet-augmented dialogue generation},
  author={Komeili, Mojtaba and Shuster, Kurt and Weston, Jason},
  journal={arXiv preprint arXiv:2107.07566},
  year={2021}
}

@article{lazaridou2022internet,
  title={Internet-augmented language models through few-shot prompting for open-domain question answering},
  author={Lazaridou, Angeliki and Gribovskaya, Elena and Stokowiec, Wojciech and Grigorev, Nikolai},
  journal={arXiv preprint arXiv:2203.05115},
  year={2022}
}

@article{nakano2021webgpt,
  title={Webgpt: Browser-assisted question-answering with human feedback},
  author={Nakano, Reiichiro and Hilton, Jacob and Balaji, Suchir and Wu, Jeff and Ouyang, Long and Kim, Christina and Hesse, Christopher and Jain, Shantanu and Kosaraju, Vineet and Saunders, William and others},
  journal={arXiv preprint arXiv:2112.09332},
  year={2021}
}

@article{schick2020exploiting,
  title={Exploiting cloze questions for few shot text classification and natural language inference},
  author={Schick, Timo and Sch{\"u}tze, Hinrich},
  journal={arXiv preprint arXiv:2001.07676},
  year={2020}
}

@article{cobbe2021training,
  title={Training verifiers to solve math word problems},
  author={Cobbe, Karl and Kosaraju, Vineet and Bavarian, Mohammad and Chen, Mark and Jun, Heewoo and Kaiser, Lukasz and Plappert, Matthias and Tworek, Jerry and Hilton, Jacob and Nakano, Reiichiro and others},
  journal={arXiv preprint arXiv:2110.14168},
  year={2021}
}

@article{thoppilan2022lamda,
  title={Lamda: Language models for dialog applications},
  author={Thoppilan, Romal and De Freitas, Daniel and Hall, Jamie and Shazeer, Noam and Kulshreshtha, Apoorv and Cheng, Heng-Tze and Jin, Alicia and Bos, Taylor and Baker, Leslie and Du, Yu and others},
  journal={arXiv preprint arXiv:2201.08239},
  year={2022}
}

@article{gao2022pal,
  title={PAL: Program-aided Language Models},
  author={Gao, Luyu and Madaan, Aman and Zhou, Shuyan and Alon, Uri and Liu, Pengfei and Yang, Yiming and Callan, Jamie and Neubig, Graham},
  journal={arXiv preprint arXiv:2211.10435},
  year={2022}
}

@misc{openai2023gpt4,
      title={GPT-4 Technical Report}, 
      author={OpenAI},
      year={2023},
      eprint={2303.08774},
      archivePrefix={arXiv},
      primaryClass={cs.CL}
}


@article{vemprala2023chatgpt,
  title={Chatgpt for robotics: Design principles and model abilities},
  author={Vemprala, Sai and Bonatti, Rogerio and Bucker, Arthur and Kapoor, Ashish},
  journal={2023},
  year={2023}
}

@article{ahn2022can,
  title={Do as i can, not as i say: Grounding language in robotic affordances},
  author={Ahn, Michael and Brohan, Anthony and Brown, Noah and Chebotar, Yevgen and Cortes, Omar and David, Byron and Finn, Chelsea and Gopalakrishnan, Keerthana and Hausman, Karol and Herzog, Alex and others},
  journal={arXiv preprint arXiv:2204.01691},
  year={2022}
}

@inproceedings{zhang2023tempera,
  title={TEMPERA: Test-Time Prompt Editing via Reinforcement Learning},
  author={Zhang, Tianjun and Wang, Xuezhi and Zhou, Denny and Schuurmans, Dale and Gonzalez, Joseph E},
  booktitle={The Eleventh International Conference on Learning Representations},
  year={2023}
}

@article{li2022competition,
  title={Competition-level code generation with alphacode},
  author={Li, Yujia and Choi, David and Chung, Junyoung and Kushman, Nate and Schrittwieser, Julian and Leblond, R{\'e}mi and Eccles, Tom and Keeling, James and Gimeno, Felix and Dal Lago, Agustin and others},
  journal={Science},
  volume={378},
  number={6624},
  pages={1092--1097},
  year={2022},
  publisher={American Association for the Advancement of Science}
}

@article{chen2021evaluating,
  title={Evaluating large language models trained on code},
  author={Chen, Mark and Tworek, Jerry and Jun, Heewoo and Yuan, Qiming and Pinto, Henrique Ponde de Oliveira and Kaplan, Jared and Edwards, Harri and Burda, Yuri and Joseph, Nicholas and Brockman, Greg and others},
  journal={arXiv preprint arXiv:2107.03374},
  year={2021}
}

@inproceedings{xu2022systematic,
  title={A systematic evaluation of large language models of code},
  author={Xu, Frank F and Alon, Uri and Neubig, Graham and Hellendoorn, Vincent Josua},
  booktitle={Proceedings of the 6th ACM SIGPLAN International Symposium on Machine Programming},
  pages={1--10},
  year={2022}
}

@inproceedings{jain2022jigsaw,
  title={Jigsaw: Large language models meet program synthesis},
  author={Jain, Naman and Vaidyanath, Skanda and Iyer, Arun and Natarajan, Nagarajan and Parthasarathy, Suresh and Rajamani, Sriram and Sharma, Rahul},
  booktitle={Proceedings of the 44th International Conference on Software Engineering},
  pages={1219--1231},
  year={2022}
}


@article{chen2023teaching,
  title={Teaching large language models to self-debug},
  author={Chen, Xinyun and Lin, Maxwell and Sch{\"a}rli, Nathanael and Zhou, Denny},
  journal={arXiv preprint arXiv:2304.05128},
  year={2023}
}

@article{kim2023language,
  title={Language models can solve computer tasks},
  author={Kim, Geunwoo and Baldi, Pierre and McAleer, Stephen},
  journal={arXiv preprint arXiv:2303.17491},
  year={2023}
}

@article{yao2022react,
  title={React: Synergizing reasoning and acting in language models},
  author={Yao, Shunyu and Zhao, Jeffrey and Yu, Dian and Du, Nan and Shafran, Izhak and Narasimhan, Karthik and Cao, Yuan},
  journal={arXiv preprint arXiv:2210.03629},
  year={2022}
}

@inproceedings{devlin2017robustfill,
  title={Robustfill: Neural program learning under noisy i/o},
  author={Devlin, Jacob and Uesato, Jonathan and Bhupatiraju, Surya and Singh, Rishabh and Mohamed, Abdel-rahman and Kohli, Pushmeet},
  booktitle={International conference on machine learning},
  pages={990--998},
  year={2017},
  organization={PMLR}
}

@article{lachaux2020unsupervised,
  title={Unsupervised translation of programming languages},
  author={Lachaux, Marie-Anne and Roziere, Baptiste and Chanussot, Lowik and Lample, Guillaume},
  journal={arXiv preprint arXiv:2006.03511},
  year={2020}
}


@article{nijkamp2022codegen,
  title={Codegen: An open large language model for code with multi-turn program synthesis},
  author={Nijkamp, Erik and Pang, Bo and Hayashi, Hiroaki and Tu, Lifu and Wang, Huan and Zhou, Yingbo and Savarese, Silvio and Xiong, Caiming},
  journal={arXiv preprint arXiv:2203.13474},
  year={2022}
}

@article{li2023starcoder,
  title={StarCoder: may the source be with you!},
  author={Li, Raymond and Allal, Loubna Ben and Zi, Yangtian and Muennighoff, Niklas and Kocetkov, Denis and Mou, Chenghao and Marone, Marc and Akiki, Christopher and Li, Jia and Chim, Jenny and others},
  journal={arXiv preprint arXiv:2305.06161},
  year={2023}
}

@article{nijkamp2023codegen2,
  title={CodeGen2: Lessons for Training LLMs on Programming and Natural Languages},
  author={Nijkamp, Erik and Hayashi, Hiroaki and Xiong, Caiming and Savarese, Silvio and Zhou, Yingbo},
  journal={arXiv preprint arXiv:2305.02309},
  year={2023}
}

@article{shinn2023reflexion,
  title={Reflexion: an autonomous agent with dynamic memory and self-reflection},
  author={Shinn, Noah and Labash, Beck and Gopinath, Ashwin},
  journal={arXiv preprint arXiv:2303.11366},
  year={2023}
}

@article{touvron2023llama,
  title={Llama: Open and efficient foundation language models},
  author={Touvron, Hugo and Lavril, Thibaut and Izacard, Gautier and Martinet, Xavier and Lachaux, Marie-Anne and Lacroix, Timoth{\'e}e and Rozi{\`e}re, Baptiste and Goyal, Naman and Hambro, Eric and Azhar, Faisal and others},
  journal={arXiv preprint arXiv:2302.13971},
  year={2023}
}

@article{zhang2022opt,
  title={Opt: Open pre-trained transformer language models},
  author={Zhang, Susan and Roller, Stephen and Goyal, Naman and Artetxe, Mikel and Chen, Moya and Chen, Shuohui and Dewan, Christopher and Diab, Mona and Li, Xian and Lin, Xi Victoria and others},
  journal={arXiv preprint arXiv:2205.01068},
  year={2022}
}

@article{chung2022scaling,
  title={Scaling instruction-finetuned language models},
  author={Chung, Hyung Won and Hou, Le and Longpre, Shayne and Zoph, Barret and Tay, Yi and Fedus, William and Li, Eric and Wang, Xuezhi and Dehghani, Mostafa and Brahma, Siddhartha and others},
  journal={arXiv preprint arXiv:2210.11416},
  year={2022}
}

@article{sanh2021multitask,
  title={Multitask prompted training enables zero-shot task generalization},
  author={Sanh, Victor and Webson, Albert and Raffel, Colin and Bach, Stephen H and Sutawika, Lintang and Alyafeai, Zaid and Chaffin, Antoine and Stiegler, Arnaud and Scao, Teven Le and Raja, Arun and others},
  journal={arXiv preprint arXiv:2110.08207},
  year={2021}
}

@article{zeng2022glm,
  title={Glm-130b: An open bilingual pre-trained model},
  author={Zeng, Aohan and Liu, Xiao and Du, Zhengxiao and Wang, Zihan and Lai, Hanyu and Ding, Ming and Yang, Zhuoyi and Xu, Yifan and Zheng, Wendi and Xia, Xiao and others},
  journal={arXiv preprint arXiv:2210.02414},
  year={2022}
}

@inproceedings{wang2022super,
  title={Super-naturalinstructions: Generalization via declarative instructions on 1600+ nlp tasks},
  author={Wang, Yizhong and Mishra, Swaroop and Alipoormolabashi, Pegah and Kordi, Yeganeh and Mirzaei, Amirreza and Naik, Atharva and Ashok, Arjun and Dhanasekaran, Arut Selvan and Arunkumar, Anjana and Stap, David and others},
  booktitle={Proceedings of the 2022 Conference on Empirical Methods in Natural Language Processing},
  pages={5085--5109},
  year={2022}
}

@article{iyer2022opt,
  title={OPT-IML: Scaling Language Model Instruction Meta Learning through the Lens of Generalization},
  author={Iyer, Srinivasan and Lin, Xi Victoria and Pasunuru, Ramakanth and Mihaylov, Todor and Simig, D{\'a}niel and Yu, Ping and Shuster, Kurt and Wang, Tianlu and Liu, Qing and Koura, Punit Singh and others},
  journal={arXiv preprint arXiv:2212.12017},
  year={2022}
}

@misc{ChatGPT, 
title={ChatGPT},
url={https://openai.com/blog/chatgpt}, 
author={OpenAI and https://openai.com/blog/chatgpt },
journal={Introducing ChatGPT}, 
year=2022} 

@misc{Claude, 
title={Claude},
author={Anthropic, https://www.anthropic.com/index/introducing-claude},
url={https://www.anthropic.com/index/introducing-claude}, 
journal={Introducing Claude}, 
year=2022} 

@article{shuster2022blenderbot,
  title={Blenderbot 3: a deployed conversational agent that continually learns to responsibly engage},
  author={Shuster, Kurt and Xu, Jing and Komeili, Mojtaba and Ju, Da and Smith, Eric Michael and Roller, Stephen and Ung, Megan and Chen, Moya and Arora, Kushal and Lane, Joshua and others},
  journal={arXiv preprint arXiv:2208.03188},
  year={2022}
}

@article{andor2019giving,
  title={Giving BERT a calculator: Finding operations and arguments with reading comprehension},
  author={Andor, Daniel and He, Luheng and Lee, Kenton and Pitler, Emily},
  journal={arXiv preprint arXiv:1909.00109},
  year={2019}
}