@article{GoogleNet,
    title={Going Deeper with Convolution},
    author={C. Szegedy and W. Liu and Y. Jia and P. Sermanet and S. Reed and
         D. Anguelov and D. Erhan and V. Vanhoucke and A. Rabinovich},
    journal={CVPR},
    year={2015}
}

@article{VGG,
    author       = "Simonyan, K. and Zisserman, A.",
    title        = "Very Deep Convolutional Networks for Large-Scale Image Recognition",
    journal      = "CoRR",
    volume       = "abs/1409.1556",
    year         = "2014"
}

@article{ResNet,
    author={Kaiming He, Xiangyu Zhang, Shaoqing Ren and Jian Sun},
    title={Deep Residual Learning for Image Recognition},
    journal={CVPR},
    year={2016}
}

@article{FCNN,
    author={J. Long, E. Shelhamer and T. Darrell},
    title={Fully convolutional networks for semantic segmentation},
    journal={CVPR},
    year={2015}
}

@article{Feifei-Image-Cap,
    author={Andrej Karpathy and Li Fei-Fei},
    title={ Deep Visual-Semantic Alignments for Generating Image Description},
    journal={CVPR},
    year={2015}
}

@article{Jeff-Image-Cap,
    author={Jeff Donahue and Lisa Anne Hendricks and Sergio Guadarrama and Marcus Rohrbach and
     Subhashini Venugopalan and Kate Saenko and Trevor Darrell},
    title={ Long-term Recurrent Convolutional Networks for Visual Recognition and Description},
    journal={CVPR},
    year={2015}
}

@article{MS-Image-Cap,
    author={Hao Fang and Saurabh Gupta and Forrest Iandola and Rupesh Srivastava and Li Deng and Piotr Dollar and Jianfeng Gao and Xiaodong He and Margaret Mitchell and John C. Platt and Lawrence Zitnick and Geoffrey Zweig},
    title={From Captions to Visual Concepts and Back},
    journal={CVPR},
    year={2015}
}

@article{action-rcnn,
    title={Contextual Action Recognition with R*CNN},
    author={Georgia Gkioxari, Ross Girshick and Jitendra Malik},
    journal={ICCV},
    year={2015}
}

@article{action-two-stream,
    title={Two-stream convolutional networks for action recognition in videos},
    author={Karen Simonyan and Andrew Zisserman},
    journal={NIPS},
    year={2014}
}

@article{msra-video-caption,
    title={Joint Modeling Embedding and Translation to Bridge Video and Language},
    author={Yingwei Pan and Tao Mei and Ting Yao and Houqiang Li and Yong Rui},
    journal={CVPR},
    year={2016}
}

@article{yaoli-video-caption,
    author={Li Yao and Atousa Torabi and Kyunghyun Cho and Nicolas Ballas and Christopher Pal and Hugo Larochelle and Aaron Courville},
    title={Describing Videos by Exploiting Temporal Structure},
    journal={ICCV},
    year={2015}
}

@article{cvpr-invest-inva,
     title={Understanding image representations by measuring their equivariance and equivalence},
     author={K. Sohn and H. Lee},
     journal={CVPR},
     year={2015}
}

@INPROCEEDINGS{Lecun-cnn,
    author = {Yann Lecun and L¨¦on Bottou and Yoshua Bengio and Patrick Haffner},
    title = {Gradient-based learning applied to document recognition},
    booktitle = {Proceedings of the IEEE},
    year = {1998},
    pages = {2278--2324}
}

@article{cnn-invariance,
    title={Understanding image representations by measuring their equivariance and equivalence},
    author={K. Lenc and A. Vedaldi},
    journal={CVPR},
    year={2015}
}

@article{dropout,
 author = {Srivastava  Nitish and Hinton Geoffrey and Krizhevsky  Alex and Sutskever Ilya and Salakhutdinov Ruslan},
 title = {Dropout: A Simple Way to Prevent Neural Networks from Overfitting},
 journal = {Journal of Machine Learning Research},
 year = {2014},
 pages = {1929--1958}
}

@article{iclr-invest-inva,
     title={Transformation properties of learned visual representations},
     author={T. S. Cohen and M. Welling},
     journal={ICLR},
     year={2015}
}

@article{nips-invest-inva,
     title={Deep symmetry networks},
     author={R. Gens and P. M. Domingos},
     journal={NIPS},
     year={2014}
}

@article{pami-invariant,
 author = {Bruna, Joan and Mallat, Stephane},
 title = {Invariant Scattering Convolution Networks},
 journal = {IEEE Trans. Pattern Anal. Mach. Intell.},
 volume = {35},
 year = {2013},
 pages = {1872--1886}
}

@inproceedings{icml-local-trans,
  author = {Sohn, Kihyuk and Lee, Honglak},
  booktitle = {ICML},
  title = {Learning Invariant Representations with Local Transformations},
  year = 2012
}

@article{attention-invariant,
    title={Deep networks with internal selective attention through feedback connections},
    author={M. F. Stollenga and J. Masci and F. Gomez and J. Schmidhuber},
    journal={NIPS},
    year={2014}
}

@inproceedings{inva-rbm,
  author    = {Jyri J. Kivinen and
               Christopher K. I. Williams},
  title     = {Transformation Equivariant Boltzmann Machines},
  booktitle = {Artificial Neural Networks and Machine Learning},
  pages     = {1--9},
  year      = {2011}
}

@article{tiled-cnn,
    title={Tiled convolutional neural networks},
    author={Quoc V. Le and Jiquan Ngiam and Zhenghao Chen and Daniel Jin hao Chia and Pang Wei Koh and Andrew Y. Ng},
    journal={NIPS},
    year={2010}
}

@article{fuse-cnn,
    title={Semantic road segmentation via multi-scale ensembles of learned features},
    author={Jose M. Alvarez and Yann LeCun and Theo Gevers and Antonio M. Lopez},
    journal={ECCV Workshop on Computer Vision in Vehicle Technology: From Earth to Mars},
    year={2012}
}

@article{multi-scale-cnn,
    title={Traffic sign recognition with multi-scale convolutional networks},
    author={Pierre Sermanet and Yann LeCun},
    journal={IJCNN},
    year={2011}
}

@article{lecun-hier-cnn,
    title={Learning hierarchical features for scene labeling},
    author={Cl'ement Farabet and Camille Couprie and Laurent Najman and and Yann LeCun},
    journal={IEEE Trans. Pattern Anal. Mach. Intell},
    year={2013}
}

@article{sci-cnn,
    title={Locally Scale-Invariant Convolutional Neural Networks},
    author={Angjoo Kanazawa and Abhishek Sharma},
    journal={NIPS},
    year={2014}
}

@article{spatial-trans-cnn,
    title={Spatial Transformer Networks},
    author={Max Jaderberg and Karen Simonyan and Andrew Zisserman and Koray Kavukcuoglu},
    journal={NIPS},
    year={2015}
}

@book{computer-vision,
 author = {Szeliski Richard},
 title = {Computer Vision: Algorithms and Applications},
 year = {2010}
}

@article{AlexNet,
title = {ImageNet Classification with Deep Convolutional Neural Networks},
author = {Alex Krizhevsky and Sutskever, Ilya and Geoffrey E. Hinton},
journal= {NIPS},
pages = {1097--1105},
year = {2012}
}


@inproceedings{uk-bench,
	title={Scalable recognition with a vocabulary tree},
	author={Nister, David and Stewenius, Henrik},
	booktitle={CVPR},
	pages={2161--2168},
	year={2006}
}

@article{caffe,
  Author = {Jia, Yangqing and Shelhamer, Evan and Donahue, Jeff and Karayev, Sergey and Long, Jonathan and Girshick, Ross and Guadarrama, Sergio and Darrell, Trevor},
  Journal = {arXiv preprint arXiv:1408.5093},
  Title = {Caffe: Convolutional Architecture for Fast Feature Embedding},
  Year = {2014}
}

@inproceedings{interactive,
	title={InterActive: Inter-Layer Activeness Propagation},
	author={Xie, Lingxi and Zheng, Liang and Wang, Jingdong and Yuille, Alan and Tian, Qi},
	booktitle={CVPR},
	year={2016}
}

@article{invariance-measure,
    title={Measuring invariances in deep networks},
    author={Ian J. Goodfellow and Quoc V. Le and Andrew M. Saxe and Honglak Lee and Andrew Y. Ng},
    journal={NIPS},
    year = {2009}
}

@inproceedings{ti-pooling,
	title={TI-POOLING: transformation-invariant pooling for feature learning in Convolutional Neural Networks},
	author={Dmitry Laptev and Nikolay Savinov and Joachim M Buhmann and Marc Pollefeys},
	booktitle={CVPR},
	year={2016}
}

@inproceedings{gan2015devnet,
  title={Devnet: A deep event network for multimedia event detection and evidence recounting},
  author={Gan, Chuang and Wang, Naiyan and Yang, Yi and Yeung, Dit-Yan and Hauptmann, Alex G},
  booktitle={CVPR},
  pages={2568--2577},
  year={2015}
}


@article{gan2016you,
   title={You Lead, We Exceed: Labor-Free Video Concept Learning by Jointly Exploiting Web Videos and Images},
   author={Gan, Chuang and Yao, Ting and Yang, Kuiyuan and Yang, Yi and Mei, Tao},
   journal={CVPR},
   year={2016}
}

@article{gan2016learning,
  title={Learning Attributes Equals Multi-Source Domain Generalization},
  author={Gan, Chuang and Yang, Tianbao and Gong, Boqing},
  journal={CVPR},
  year={2016}
}

@inproceedings{zhengliang-cvpr,
  author = {Zheng, Liang and Wang, Shengjin and Tian, Lu and He, Fei and Liu, Ziqiong and Tian, Qi},
  booktitle = {CVPR},
  pages = {1741-1750},
  title = {Query-adaptive late fusion for image search and person re-identification.},
  year = 2015
}

@Article{Zheng2016,
author={Zheng, Liang
and Wang, Shengjin
and Wang, Jingdong
and Tian, Qi},
title={Accurate Image Search with Multi-Scale Contextual Evidences},
journal={International Journal of Computer Vision},
year="2016",
pages="1--13"
}

@inproceedings{zheng2014packing,
  title={Packing and padding: Coupled multi-index for accurate image retrieval},
  author={Zheng, Liang and Wang, Shengjin and Liu, Ziqiong and Tian, Qi},
  booktitle={CVPR},
  pages={1939--1946},
  year={2014}
}

@inproceedings{zhangyang-mm,
  author    = {Zhangyang Wang and
               Jianchao Yang and
               Hailin Jin and
               Eli Shechtman and
               Aseem Agarwala and
               Jonathan Brandt and
               Thomas S. Huang},
  title     = {DeepFont: Identify Your Font from An Image},
  booktitle = {{ACM} {MM} , 2015},
  pages     = {451--459},
  year      = {2015}
}

@inproceedings{huiskes08,
 author = {Mark J. Huiskes and Michael S. Lew},
 title = {The MIR Flickr Retrieval Evaluation},
 booktitle = {MIR},
 year = {2008},
 publisher = {ACM}
}
