% Use this file for citations not found in the ACL Anthology (contained in "anthology.bib").

@book{Aho:72,
    author  = {Alfred V. Aho and Jeffrey D. Ullman},
    title   = {The Theory of Parsing, Translation and Compiling},
    year    = "1972",
    volume  = "1",
    publisher = {Prentice-Hall},
    address = {Englewood Cliffs, NJ}
}

@book{APA:83,
    author  = {{American Psychological Association}},
    title   = {Publications Manual},
    year    = "1983",
    publisher = {American Psychological Association},
    address = {Washington, DC}
}

@article{Chandra:81,
	author = {Ashok K. Chandra and Dexter C. Kozen and Larry J. Stockmeyer},
	year = "1981",
	title = {Alternation},
	journal = {Journal of the Association for Computing Machinery},
	volume = "28",
	number = "1",
	pages = "114--133",
	doi = "10.1145/322234.322243",
}

@inproceedings{andrew2007scalable,
  title={Scalable training of {L1}-regularized log-linear models},
  author={Andrew, Galen and Gao, Jianfeng},
  booktitle={Proceedings of the 24th International Conference on Machine Learning},
  pages={33--40},
  year={2007},
}

@book{Gusfield:97,
    author  = {Dan Gusfield},
    title   = {Algorithms on Strings, Trees and Sequences},
    year    = "1997",
    publisher = {Cambridge University Press},
    address = {Cambridge, UK}
}

@article{rasooli-tetrault-2015,
    author    = {Mohammad Sadegh Rasooli and Joel R. Tetreault},
    title     = {Yara Parser: {A} Fast and Accurate Dependency Parser},
    journal   = {Computing Research Repository},
    volume    = {arXiv:1503.06733},
    year      = {2015},
    url       = {http://arxiv.org/abs/1503.06733},
    note    = {version 2}
}

@article{Ando2005,
	Acmid = {1194905},
	Author = {Ando, Rie Kubota and Zhang, Tong},
	Issn = {1532-4435},
	Issue_Date = {12/1/2005},
	Journal = {Journal of Machine Learning Research},
	Month = dec,
	Numpages = {37},
	Pages = {1817--1853},
	Publisher = {JMLR.org},
	Title = {A Framework for Learning Predictive Structures from Multiple Tasks and Unlabeled Data},
	Volume = {6},
	Year = {2005}
}

@inproceedings{laws-etal-2011-activeb,
    title = "Active Learning with {A}mazon {M}echanical {T}urk",
    author = {Laws, Florian  and
      Scheible, Christian  and
      Sch{\"u}tze, Hinrich},
    booktitle = "Proceedings of the 2011 Conference on Empirical Methods in Natural Language Processing",
    month = jul,
    year = "2011",
    address = "Edinburgh, Scotland, UK.",
    publisher = "Association for Computational Linguistics",
    url = "https://aclanthology.org/D11-1143",
    pages = "1546--1556",
}
@inproceedings{baldridge-palmer-2009-well,
    title = "How well does active learning \textit{actually} work? {T}ime-based evaluation of cost-reduction strategies for language documentation.",
    author = "Baldridge, Jason  and
      Palmer, Alexis",
    booktitle = "Proceedings of the 2009 Conference on Empirical Methods in Natural Language Processing",
    month = aug,
    year = "2009",
    address = "Singapore",
    publisher = "Association for Computational Linguistics",
    url = "https://aclanthology.org/D09-1031",
    pages = "296--305",
}
@inproceedings{rehbein-etal-2010-bringing,
    title = "Bringing Active Learning to Life",
    author = "Rehbein, Ines  and
      Ruppenhofer, Josef  and
      Palmer, Alexis",
    booktitle = "Proceedings of the 23rd International Conference on Computational Linguistics (Coling 2010)",
    month = aug,
    year = "2010",
    address = "Beijing, China",
    publisher = "Coling 2010 Organizing Committee",
    url = "https://aclanthology.org/C10-1107",
    pages = "949--957",
}
@inproceedings{liulinguistic,
  title = "Linguistic Knowledge and Transferability of Contextual
  Representations", author = "Liu, Nelson F.  and
  Gardner, Matt  and Belinkov, Yonatan  and Peters, Matthew E.  and Smith,
  Noah A.",
  booktitle = "Proceedings of the 2019 Conference of the North {A}merican
  Chapter of the Association for Computational Linguistics: Human Language
  Technologies, Volume 1 (Long and Short Papers)", month = jun, year = "2019",
  address = "Minneapolis, Minnesota", publisher = "Association for
  Computational Linguistics", url =
  "https://www.aclweb.org/anthology/N19-1112", doi = "10.18653/v1/N19-1112",
  pages = "1073--1094"
}
@inproceedings{
tenney2018what,
title={What do you learn from context? Probing for sentence structure in contextualized word representations},
author={Ian Tenney and Patrick Xia and Berlin Chen and Alex Wang and Adam Poliak and R Thomas McCoy and Najoung Kim and Benjamin Van Durme and Sam Bowman and Dipanjan Das and Ellie Pavlick},
booktitle={International Conference on Learning Representations},
year={2019},
url={https://openreview.net/forum?id=SJzSgnRcKX},
}
@article{belinkov-glass-2019-analysis,
  title = "Analysis Methods in Neural Language Processing: A Survey", author =
  "Belinkov, Yonatan  and
  Glass, James",
  journal = "Transactions of the Association for Computational Linguistics",
  volume = "7", month = mar, year = "2019", url =
  "https://www.aclweb.org/anthology/Q19-1004", doi = "10.1162/tacl_a_00254",
  pages = "49--72",
}
@inproceedings{hewitt-liang-2019-designing,
    title = "Designing and Interpreting Probes with Control Tasks",
    author = "Hewitt, John  and
      Liang, Percy",
    booktitle = "Proceedings of the 2019 Conference on Empirical Methods in Natural Language Processing and the 9th International Joint Conference on Natural Language Processing (EMNLP-IJCNLP)",
    month = Nov,
    year = "2019",
    address = "Hong Kong, China",
    publisher = "Association for Computational Linguistics",
    url = "https://www.aclweb.org/anthology/D19-1275",
    doi = "10.18653/v1/D19-1275",
    pages = "2733--2743"
}
@inproceedings{hewitt-manning-2019-structural,
    title = "{A} Structural Probe for Finding Syntax in Word Representations",
    author = "Hewitt, John  and
      Manning, Christopher D.",
    booktitle = "Proceedings of the 2019 Conference of the North {A}merican Chapter of the Association for Computational Linguistics: Human Language Technologies, Volume 1 (Long and Short Papers)",
    month = jun,
    year = "2019",
    address = "Minneapolis, Minnesota",
    publisher = "Association for Computational Linguistics",
    url = "https://aclanthology.org/N19-1419",
    doi = "10.18653/v1/N19-1419",
    pages = "4129--4138",
}
@article{BERTologypaper,
    title = "A Primer in {BERT}ology: What We Know About How {BERT} Works",
    author = "Rogers, Anna  and
      Kovaleva, Olga  and
      Rumshisky, Anna",
    journal = "Transactions of the Association for Computational Linguistics",
    volume = "8",
    year = "2020",
    url = "https://aclanthology.org/2020.tacl-1.54",
    doi = "10.1162/tacl_a_00349",
    pages = "842--866",
}
@inproceedings{zhao-etal-2020-quantifying,
    title = "Quantifying the Contextualization of Word Representations with Semantic Class Probing",
    author = {Zhao, Mengjie  and
      Dufter, Philipp  and
      Yaghoobzadeh, Yadollah  and
      Sch{\"u}tze, Hinrich},
    booktitle = "Findings of the Association for Computational Linguistics: EMNLP 2020",
    month = nov,
    year = "2020",
    address = "Online",
    publisher = "Association for Computational Linguistics",
    url = "https://aclanthology.org/2020.findings-emnlp.109",
    doi = "10.18653/v1/2020.findings-emnlp.109",
    pages = "1219--1234",
}
@inproceedings{petroni-etal-2019-language,
    title = "Language Models as Knowledge Bases?",
    author = {Petroni, Fabio  and
      Rockt{\"a}schel, Tim  and
      Riedel, Sebastian  and
      Lewis, Patrick  and
      Bakhtin, Anton  and
      Wu, Yuxiang  and
      Miller, Alexander},
    booktitle = "Proceedings of the 2019 Conference on Empirical Methods in Natural Language Processing and the 9th International Joint Conference on Natural Language Processing (EMNLP-IJCNLP)",
    month = nov,
    year = "2019",
    address = "Hong Kong, China",
    publisher = "Association for Computational Linguistics",
    url = "https://aclanthology.org/D19-1250",
    doi = "10.18653/v1/D19-1250",
    pages = "2463--2473",
}
@inproceedings{poerner-etal-2020-e,
    title = "{E}-{BERT}: Efficient-Yet-Effective Entity Embeddings for {BERT}",
    author = {Poerner, Nina  and
      Waltinger, Ulli  and
      Sch{\"u}tze, Hinrich},
    booktitle = "Findings of the Association for Computational Linguistics: EMNLP 2020",
    month = nov,
    year = "2020",
    address = "Online",
    publisher = "Association for Computational Linguistics",
    url = "https://aclanthology.org/2020.findings-emnlp.71",
    doi = "10.18653/v1/2020.findings-emnlp.71",
    pages = "803--818",
}
@inproceedings{kassner-etal-2021-multilingual,
    title = "Multilingual {LAMA}: Investigating Knowledge in Multilingual Pretrained Language Models",
    author = {Kassner, Nora  and
      Dufter, Philipp  and
      Sch{\"u}tze, Hinrich},
    booktitle = "Proceedings of the 16th Conference of the European Chapter of the Association for Computational Linguistics: Main Volume",
    month = apr,
    year = "2021",
    address = "Online",
    publisher = "Association for Computational Linguistics",
    url = "https://aclanthology.org/2021.eacl-main.284",
    pages = "3250--3258",
}
@inproceedings{wang-etal-2018-glue,
    title = "{GLUE}: A Multi-Task Benchmark and Analysis Platform for Natural Language Understanding",
    author = "Wang, Alex  and
      Singh, Amanpreet  and
      Michael, Julian  and
      Hill, Felix  and
      Levy, Omer  and
      Bowman, Samuel",
    booktitle = "Proceedings of the 2018 {EMNLP} Workshop {B}lackbox{NLP}: Analyzing and Interpreting Neural Networks for {NLP}",
    month = nov,
    year = "2018",
    address = "Brussels, Belgium",
    publisher = "Association for Computational Linguistics",
    url = "https://aclanthology.org/W18-5446",
    doi = "10.18653/v1/W18-5446",
    pages = "353--355",
}
@inproceedings{superglue,
 author = {Wang, Alex and Pruksachatkun, Yada and Nangia, Nikita and Singh, Amanpreet and Michael, Julian and Hill, Felix and Levy, Omer and Bowman, Samuel},
 booktitle = {Advances in Neural Information Processing Systems},
 editor = {H. Wallach and H. Larochelle and A. Beygelzimer and F. d\textquotesingle Alch\'{e}-Buc and E. Fox and R. Garnett},
 pages = {},
 publisher = {Curran Associates, Inc.},
 title = {Super{GLUE}: A Stickier Benchmark for General-Purpose Language Understanding Systems},
 url = {https://proceedings.neurips.cc/paper/2019/file/4496bf24afe7fab6f046bf4923da8de6-Paper.pdf},
 volume = {32},
 year = {2019}
}

@inproceedings{gehrmann-etal-2021-gem,
    title = "The {GEM} Benchmark: Natural Language Generation, its Evaluation and Metrics",
    author = "Gehrmann, Sebastian  and
      Adewumi, Tosin  and
      Aggarwal, Karmanya  and
      Ammanamanchi, Pawan Sasanka  and
      Aremu, Anuoluwapo  and
      Bosselut, Antoine  and
      Chandu, Khyathi Raghavi  and
      Clinciu, Miruna-Adriana  and
      Das, Dipanjan  and
      Dhole, Kaustubh  and
      Du, Wanyu  and
      Durmus, Esin  and
      Du{\v{s}}ek, Ond{\v{r}}ej  and
      Emezue, Chris Chinenye  and
      Gangal, Varun  and
      Garbacea, Cristina  and
      Hashimoto, Tatsunori  and
      Hou, Yufang  and
      Jernite, Yacine  and
      Jhamtani, Harsh  and
      Ji, Yangfeng  and
      Jolly, Shailza  and
      Kale, Mihir  and
      Kumar, Dhruv  and
      Ladhak, Faisal  and
      Madaan, Aman  and
      Maddela, Mounica  and
      Mahajan, Khyati  and
      Mahamood, Saad  and
      Majumder, Bodhisattwa Prasad  and
      Martins, Pedro Henrique  and
      McMillan-Major, Angelina  and
      Mille, Simon  and
      van Miltenburg, Emiel  and
      Nadeem, Moin  and
      Narayan, Shashi  and
      Nikolaev, Vitaly  and
      Niyongabo Rubungo, Andre  and
      Osei, Salomey  and
      Parikh, Ankur  and
      Perez-Beltrachini, Laura  and
      Rao, Niranjan Ramesh  and
      Raunak, Vikas  and
      Rodriguez, Juan Diego  and
      Santhanam, Sashank  and
      Sedoc, Jo{\~a}o  and
      Sellam, Thibault  and
      Shaikh, Samira  and
      Shimorina, Anastasia  and
      Sobrevilla Cabezudo, Marco Antonio  and
      Strobelt, Hendrik  and
      Subramani, Nishant  and
      Xu, Wei  and
      Yang, Diyi  and
      Yerukola, Akhila  and
      Zhou, Jiawei",
    booktitle = "Proceedings of the 1st Workshop on Natural Language Generation, Evaluation, and Metrics (GEM 2021)",
    month = aug,
    year = "2021",
    address = "Online",
    publisher = "Association for Computational Linguistics",
    url = "https://aclanthology.org/2021.gem-1.10",
    doi = "10.18653/v1/2021.gem-1.10",
    pages = "96--120",
}
@inproceedings{xu-etal-2020-clue,
    title = "{CLUE}: A {C}hinese Language Understanding Evaluation Benchmark",
    author = "Xu, Liang  and
      Hu, Hai  and
      Zhang, Xuanwei  and
      Li, Lu  and
      Cao, Chenjie  and
      Li, Yudong  and
      Xu, Yechen  and
      Sun, Kai  and
      Yu, Dian  and
      Yu, Cong  and
      Tian, Yin  and
      Dong, Qianqian  and
      Liu, Weitang  and
      Shi, Bo  and
      Cui, Yiming  and
      Li, Junyi  and
      Zeng, Jun  and
      Wang, Rongzhao  and
      Xie, Weijian  and
      Li, Yanting  and
      Patterson, Yina  and
      Tian, Zuoyu  and
      Zhang, Yiwen  and
      Zhou, He  and
      Liu, Shaoweihua  and
      Zhao, Zhe  and
      Zhao, Qipeng  and
      Yue, Cong  and
      Zhang, Xinrui  and
      Yang, Zhengliang  and
      Richardson, Kyle  and
      Lan, Zhenzhong",
    booktitle = "Proceedings of the 28th International Conference on Computational Linguistics",
    month = dec,
    year = "2020",
    address = "Barcelona, Spain (Online)",
    publisher = "International Committee on Computational Linguistics",
    url = "https://aclanthology.org/2020.coling-main.419",
    doi = "10.18653/v1/2020.coling-main.419",
    pages = "4762--4772",
}
@article{Khashabi2020ParsiNLUAS,
    title = "{P}arsi{NLU}: A Suite of Language Understanding Challenges for {P}ersian",
    author = "Khashabi, Daniel  and
      Cohan, Arman  and
      Shakeri, Siamak  and
      Hosseini, Pedram  and
      Pezeshkpour, Pouya  and
      Alikhani, Malihe  and
      Aminnaseri, Moin  and
      Bitaab, Marzieh  and
      Brahman, Faeze  and
      Ghazarian, Sarik  and
      Gheini, Mozhdeh  and
      Kabiri, Arman  and
      Mahabagdi, Rabeeh Karimi  and
      Memarrast, Omid  and
      Mosallanezhad, Ahmadreza  and
      Noury, Erfan  and
      Raji, Shahab  and
      Rasooli, Mohammad Sadegh  and
      Sadeghi, Sepideh  and
      Azer, Erfan Sadeqi  and
      Samghabadi, Niloofar Safi  and
      Shafaei, Mahsa  and
      Sheybani, Saber  and
      Tazarv, Ali  and
      Yaghoobzadeh, Yadollah",
    journal = "Transactions of the Association for Computational Linguistics",
    volume = "9",
    year = "2021",
    address = "Cambridge, MA",
    publisher = "MIT Press",
    url = "https://aclanthology.org/2021.tacl-1.68",
    doi = "10.1162/tacl_a_00419",
    pages = "1147--1162",
}
@article{Park2021KLUEKL,
  title={{KLUE}: Korean Language Understanding Evaluation},
  author={Sungjoon Park and Jihyung Moon and Sung-Dong Kim and Won Ik
                  Cho and Jiyoon Han and Jangwon Park and Chisung Song
                  and Junseong Kim and Yongsook Song and Tae Hwan Oh
                  and Joohong Lee and Juhyun Oh and Sungwon Lyu and
                  Young-kuk Jeong and Inkwon Lee and Sang-gyu Seo and
                  Dongjun Lee and Hyunwoo Kim and Myeonghwa Lee and
                  Seongbo Jang and Seungwon Do and Sunkyoung Kim and
                  Kyungtae Lim and Jongwon Lee and Kyumin Park and
                  Jamin Shin and Seonghyun Kim and Lucy Park and Alice
                  H. Oh and Jung-Woo Ha and Kyunghyun Cho},
  journal={ArXiv},
  year={2021},
  volume={abs/2105.09680}
}

@InProceedings{pmlr-v119-hu20b,
  title = 	 {{XTREME}: A Massively Multilingual Multi-task Benchmark for Evaluating Cross-lingual Generalisation},
  author =       {Hu, Junjie and Ruder, Sebastian and Siddhant, Aditya
                  and Neubig, Graham and Firat, Orhan and Johnson,
                  Melvin},
  booktitle = 	 {Proceedings of the 37th International Conference on Machine Learning},
  pages = 	 {4411--4421},
  year = 	 {2020},
  editor = 	 {III, Hal Daumé and Singh, Aarti},
  volume = 	 {119},
  series = 	 {Proceedings of Machine Learning Research},
  month = 	 {13--18 Jul},
  publisher =    {PMLR},
  pdf = 	 {http://proceedings.mlr.press/v119/hu20b/hu20b.pdf},
  url = 	 {https://proceedings.mlr.press/v119/hu20b.html},
}
@article{tacl_a_00416,
    author = {Adelani, David Ifeoluwa and Abbott, Jade and Neubig,
                  Graham and D’souza, Daniel and Kreutzer, Julia and
                  Lignos, Constantine and Palen-Michel, Chester and
                  Buzaaba, Happy and Rijhwani, Shruti and Ruder,
                  Sebastian and Mayhew, Stephen and Azime, Israel
                  Abebe and Muhammad, Shamsuddeen H. and Emezue, Chris
                  Chinenye and Nakatumba-Nabende, Joyce and Ogayo,
                  Perez and Anuoluwapo, Aremu and Gitau, Catherine and
                  Mbaye, Derguene and Alabi, Jesujoba and Yimam, Seid
                  Muhie and Gwadabe, Tajuddeen Rabiu and Ezeani,
                  Ignatius and Niyongabo, Rubungo Andre and Mukiibi,
                  Jonathan and Otiende, Verrah and Orife, Iroro and
                  David, Davis and Ngom, Samba and Adewumi, Tosin and
                  Rayson, Paul and Adeyemi, Mofetoluwa and Muriuki,
                  Gerald and Anebi, Emmanuel and Chukwuneke, Chiamaka
                  and Odu, Nkiruka and Wairagala, Eric Peter and
                  Oyerinde, Samuel and Siro, Clemencia and Bateesa,
                  Tobius Saul and Oloyede, Temilola and Wambui, Yvonne
                  and Akinode, Victor and Nabagereka, Deborah and
                  Katusiime, Maurice and Awokoya, Ayodele and MBOUP,
                  Mouhamadane and Gebreyohannes, Dibora and Tilaye,
                  Henok and Nwaike, Kelechi and Wolde, Degaga and
                  Faye, Abdoulaye and Sibanda, Blessing and Ahia,
                  Orevaoghene and Dossou, Bonaventure F. P. and
                  Ogueji, Kelechi and DIOP, Thierno Ibrahima and
                  Diallo, Abdoulaye and Akinfaderin, Adewale and
                  Marengereke, Tendai and Osei, Salomey},
    title = "{MasakhaNER: Named Entity Recognition for African Languages}",
    journal = {Transactions of the Association for Computational Linguistics},
    volume = {9},
    pages = {1116-1131},
    year = {2021},
    month = {10},
    issn = {2307-387X},
    doi = {10.1162/tacl_a_00416},
    url = {https://doi.org/10.1162/tacl\_a\_00416},
    eprint = {https://direct.mit.edu/tacl/article-pdf/doi/10.1162/tacl\_a\_00416/1966201/tacl\_a\_00416.pdf},
}

@article{Fundationmodelpaper,
  title={On the opportunities and risks of foundation models},
  author={Bommasani, Rishi and Hudson, Drew A and Adeli, Ehsan and
                  Altman, Russ and Arora, Simran and von Arx, Sydney
                  and Bernstein, Michael S and Bohg, Jeannette and
                  Bosselut, Antoine and Brunskill, Emma and others},
  journal={arXiv preprint arXiv:2108.07258},
  year={2021}
}

@inproceedings{schick2020s,
    title = "It{'}s Not Just Size That Matters: Small Language Models Are Also Few-Shot Learners",
    author = {Schick, Timo  and
      Sch{\"u}tze, Hinrich},
    booktitle = "Proceedings of the 2021 Conference of the North American Chapter of the Association for Computational Linguistics: Human Language Technologies",
    month = jun,
    year = "2021",
    address = "Online",
    publisher = "Association for Computational Linguistics",
    url = "https://aclanthology.org/2021.naacl-main.185",
    doi = "10.18653/v1/2021.naacl-main.185",
    pages = "2339--2352"
}

@inproceedings{gao-etal-2021-making,
    title = "Making Pre-trained Language Models Better Few-shot Learners",
    author = "Gao, Tianyu  and
      Fisch, Adam  and
      Chen, Danqi",
    booktitle = "Proceedings of the 59th Annual Meeting of the
                  Association for Computational Linguistics and the
                  11th International Joint Conference on Natural
                  Language Processing (Volume 1: Long Papers)",
    month = aug,
    year = "2021",
    address = "Online",
    publisher = "Association for Computational Linguistics",
    url = "https://aclanthology.org/2021.acl-long.295",
    doi = "10.18653/v1/2021.acl-long.295",
    pages = "3816--3830",
}
@inproceedings{Tam2021ImprovingAS,
    title = "Improving and Simplifying Pattern Exploiting Training",
    author = "Tam, Derek  and
      R. Menon, Rakesh  and
      Bansal, Mohit  and
      Srivastava, Shashank  and
      Raffel, Colin",
    booktitle = "Proceedings of the 2021 Conference on Empirical Methods in Natural Language Processing",
    month = nov,
    year = "2021",
    address = "Online and Punta Cana, Dominican Republic",
    publisher = "Association for Computational Linguistics",
    url = "https://aclanthology.org/2021.emnlp-main.407",
    pages = "4980--4991"
}
@inproceedings{yin-etal-2020-universal,
    title = "Universal Natural Language Processing with Limited Annotations: Try Few-shot Textual Entailment as a Start",
    author = "Yin, Wenpeng  and
      Rajani, Nazneen Fatema  and
      Radev, Dragomir  and
      Socher, Richard  and
      Xiong, Caiming",
    booktitle = "Proceedings of the 2020 Conference on Empirical Methods in Natural Language Processing (EMNLP)",
    month = nov,
    year = "2020",
    address = "Online",
    publisher = "Association for Computational Linguistics",
    url = "https://aclanthology.org/2020.emnlp-main.660",
    doi = "10.18653/v1/2020.emnlp-main.660",
    pages = "8229--8239",
}
@inproceedings{
Tsimpoukelli2021MultimodalFL,
title={Multimodal Few-Shot Learning with Frozen Language Models},
author={Maria Tsimpoukelli and Jacob Menick and Serkan Cabi and S. M. Ali Eslami and Oriol Vinyals and Felix Hill},
booktitle={Advances in Neural Information Processing Systems},
editor={A. Beygelzimer and Y. Dauphin and P. Liang and J. Wortman Vaughan},
year={2021},
url={https://openreview.net/forum?id=WtmMyno9Tq2}
}
@inproceedings{Prompttuningpaper,
    title = "The Power of Scale for Parameter-Efficient Prompt Tuning",
    author = "Lester, Brian  and
      Al-Rfou, Rami  and
      Constant, Noah",
    booktitle = "Proceedings of the 2021 Conference on Empirical Methods in Natural Language Processing",
    month = nov,
    year = "2021",
    address = "Online and Punta Cana, Dominican Republic",
    publisher = "Association for Computational Linguistics",
    url = "https://aclanthology.org/2021.emnlp-main.243",
    pages = "3045--3059"
}
@article{Ptuningpaper,
  title={{GPT} Understands, Too},
  author={Liu, Xiao and Zheng, Yanan and Du, Zhengxiao and Ding, Ming and Qian, Yujie and Yang, Zhilin and Tang, Jie},
  journal={arXiv preprint arXiv:2103.10385},
  year={2021}
}
@inproceedings{lisaprefix,
    title = "Prefix-Tuning: Optimizing Continuous Prompts for Generation",
    author = "Li, Xiang Lisa  and
      Liang, Percy",
    booktitle = "Proceedings of the 59th Annual Meeting of the Association for Computational Linguistics and the 11th International Joint Conference on Natural Language Processing (Volume 1: Long Papers)",
    month = aug,
    year = "2021",
    address = "Online",
    publisher = "Association for Computational Linguistics",
    url = "https://aclanthology.org/2021.acl-long.353",
    doi = "10.18653/v1/2021.acl-long.353",
    pages = "4582--4597",
}
@article{t5paper,
  author  = {Colin Raffel and Noam Shazeer and Adam Roberts and Katherine Lee and Sharan Narang and Michael Matena and Yanqi Zhou and Wei Li and Peter J. Liu},
  title   = {Exploring the Limits of Transfer Learning with a Unified Text-to-Text Transformer},
  journal = {Journal of Machine Learning Research},
  year    = {2020},
  volume  = {21},
  number  = {140},
  pages   = {1-67},
  url     = {http://jmlr.org/papers/v21/20-074.html}
}
@inproceedings{snow-etal-2008-cheap,
    title = "Cheap and Fast {--} But is it Good? Evaluating Non-Expert Annotations for Natural Language Tasks",
    author = "Snow, Rion  and
      O{'}Connor, Brendan  and
      Jurafsky, Daniel  and
      Ng, Andrew",
    booktitle = "Proceedings of the 2008 Conference on Empirical Methods in Natural Language Processing",
    month = oct,
    year = "2008",
    address = "Honolulu, Hawaii",
    publisher = "Association for Computational Linguistics",
    url = "https://aclanthology.org/D08-1027",
    pages = "254--263",
}
@book{howe2008crowdsourcing,
  title={Crowdsourcing: How the power of the crowd is driving the future of business},
  author={Howe, Jeff},
  year={2008},
  publisher={Random House}
}
@article{marcus-etal-1993-building,
    title = "Building a Large Annotated Corpus of {E}nglish: The {P}enn {T}reebank",
    author = "Marcus, Mitchell P.  and
      Santorini, Beatrice  and
      Marcinkiewicz, Mary Ann",
    journal = "Computational Linguistics",
    volume = "19",
    number = "2",
    year = "1993",
    url = "https://aclanthology.org/J93-2004",
    pages = "313--330",
}
@inproceedings{miller-etal-1993-semantic,
    title = "A Semantic Concordance",
    author = "Miller, George A.  and
      Leacock, Claudia  and
      Tengi, Randee  and
      Bunker, Ross T.",
    booktitle = "{H}uman {L}anguage {T}echnology: Proceedings of a Workshop Held at Plainsboro, New Jersey, March 21-24, 1993",
    year = "1993",
    url = "https://aclanthology.org/H93-1061",
}
@article{trautmann2020fine,
title={Fine-Grained Argument Unit Recognition and Classification},
volume={34},
url={https://ojs.aaai.org/index.php/AAAI/article/view/6438},
DOI={10.1609/aaai.v34i05.6438},
number={05}, journal={Proceedings of the AAAI Conference on Artificial Intelligence},
author={Trautmann, Dietrich and Daxenberger, Johannes and Stab, Christian and Schütze, Hinrich and Gurevych, Iryna}, year={2020}, month={Apr.},
pages={9048-9056}
}
@inproceedings{hachey-etal-2005-investigating,
    title = "Investigating the Effects of Selective Sampling on the Annotation Task",
    author = "Hachey, Ben  and
      Alex, Beatrice  and
      Becker, Markus",
    booktitle = "Proceedings of the Ninth Conference on Computational Natural Language Learning ({C}o{NLL}-2005)",
    month = jun,
    year = "2005",
    address = "Ann Arbor, Michigan",
    publisher = "Association for Computational Linguistics",
    url = "https://aclanthology.org/W05-0619",
    pages = "144--151",
}
@article{felder2009active,
  title={Active learning: An introduction},
  author={Felder, Richard M and Brent, Rebecca},
  journal={ASQ higher education brief},
  volume={2},
  number={4},
  pages={1--5},
  year={2009}
}
@inproceedings{devlin-etal-2019-bert,
    title = "{BERT}: Pre-training of Deep Bidirectional Transformers for Language Understanding",
    author = "Devlin, Jacob  and
      Chang, Ming-Wei  and
      Lee, Kenton  and
      Toutanova, Kristina",
    booktitle = "Proceedings of the 2019 Conference of the North {A}merican Chapter of the Association for Computational Linguistics: Human Language Technologies, Volume 1 (Long and Short Papers)",
    month = jun,
    year = "2019",
    address = "Minneapolis, Minnesota",
    publisher = "Association for Computational Linguistics",
    url = "https://aclanthology.org/N19-1423",
    doi = "10.18653/v1/N19-1423",
    pages = "4171--4186",
}                  
@inproceedings{socher-etal-2013-recursive,
    title = "Recursive Deep Models for Semantic Compositionality Over a Sentiment Treebank",
    author = "Socher, Richard  and
      Perelygin, Alex  and
      Wu, Jean  and
      Chuang, Jason  and
      Manning, Christopher D.  and
      Ng, Andrew  and
      Potts, Christopher",
    booktitle = "Proceedings of the 2013 Conference on Empirical Methods in Natural Language Processing",
    month = oct,
    year = "2013",
    address = "Seattle, Washington, USA",
    publisher = "Association for Computational Linguistics",
    url = "https://aclanthology.org/D13-1170",
    pages = "1631--1642",
}
@inproceedings{agdataset,
 author = {Zhang, Xiang and Zhao, Junbo and LeCun, Yann},
 booktitle = {Advances in Neural Information Processing Systems},
 editor = {C. Cortes and N. Lawrence and D. Lee and M. Sugiyama and R. Garnett},
 pages = {},
 publisher = {Curran Associates, Inc.},
 title = {Character-level Convolutional Networks for Text Classification},
 url = {https://proceedings.neurips.cc/paper/2015/file/250cf8b51c773f3f8dc8b4be867a9a02-Paper.pdf},
 volume = {28},
 year = {2015}
}
@InProceedings{rtedata,
author="Dagan, Ido
and Glickman, Oren
and Magnini, Bernardo",
editor="Qui{\~{n}}onero-Candela, Joaquin
and Dagan, Ido
and Magnini, Bernardo
and d'Alch{\'e}-Buc, Florence",
title="The PASCAL Recognising Textual Entailment Challenge",
booktitle="Machine Learning Challenges. Evaluating Predictive Uncertainty, Visual Object Classification, and Recognising Tectual Entailment",
year="2006",
publisher="Springer Berlin Heidelberg",
address="Berlin, Heidelberg",
pages="177--190",
isbn="978-3-540-33428-6"
}
@inproceedings{zhang-etal-2019-paws,
    title = "{PAWS}: Paraphrase Adversaries from Word Scrambling",
    author = "Zhang, Yuan  and
      Baldridge, Jason  and
      He, Luheng",
    booktitle = "Proceedings of the 2019 Conference of the North {A}merican Chapter of the Association for Computational Linguistics: Human Language Technologies, Volume 1 (Long and Short Papers)",
    month = jun,
    year = "2019",
    address = "Minneapolis, Minnesota",
    publisher = "Association for Computational Linguistics",
    url = "https://aclanthology.org/N19-1131",
    doi = "10.18653/v1/N19-1131",
    pages = "1298--1308",
}
@article{warstadt-etal-2019-neural,
    title = "Neural Network Acceptability Judgments",
    author = "Warstadt, Alex  and
      Singh, Amanpreet  and
      Bowman, Samuel R.",
    journal = "Transactions of the Association for Computational Linguistics",
    volume = "7",
    month = mar,
    year = "2019",
    url = "https://aclanthology.org/Q19-1040",
    doi = "10.1162/tacl_a_00290",
    pages = "625--641",
}
@inproceedings{albert,
title={ALBERT: A Lite BERT for Self-supervised Learning of Language Representations},
author={Zhenzhong Lan and Mingda Chen and Sebastian Goodman and Kevin Gimpel and Piyush Sharma and Radu Soricut},
booktitle={International Conference on Learning Representations},
year={2020},
url={https://openreview.net/forum?id=H1eA7AEtvS}
}
@inproceedings{jiao-etal-2020-tinybert,
    title = "{T}iny{BERT}: Distilling {BERT} for Natural Language Understanding",
    author = "Jiao, Xiaoqi  and
      Yin, Yichun  and
      Shang, Lifeng  and
      Jiang, Xin  and
      Chen, Xiao  and
      Li, Linlin  and
      Wang, Fang  and
      Liu, Qun",
    booktitle = "Findings of the Association for Computational Linguistics: EMNLP 2020",
    month = nov,
    year = "2020",
    address = "Online",
    publisher = "Association for Computational Linguistics",
    url = "https://aclanthology.org/2020.findings-emnlp.372",
    doi = "10.18653/v1/2020.findings-emnlp.372",
    pages = "4163--4174",
}
@inproceedings{adamw,
title={Decoupled Weight Decay Regularization},
author={Ilya Loshchilov and Frank Hutter},
booktitle={International Conference on Learning Representations},
year={2019},
url={https://openreview.net/forum?id=Bkg6RiCqY7},
}
@inproceedings{adampaper,
  author={Diederik P. Kingma and Jimmy Ba},
  title={Adam: A Method for Stochastic Optimization},
  year={2015},
  cdate={1420070400000},
  url={http://arxiv.org/abs/1412.6980},
  booktitle={ICLR},
}
@inproceedings{torch,
 author = {Paszke, Adam and Gross, Sam and Massa, Francisco and Lerer, Adam and Bradbury, James and Chanan, Gregory and Killeen, Trevor and Lin, Zeming and Gimelshein, Natalia and Antiga, Luca and Desmaison, Alban and Kopf, Andreas and Yang, Edward and DeVito, Zachary and Raison, Martin and Tejani, Alykhan and Chilamkurthy, Sasank and Steiner, Benoit and Fang, Lu and Bai, Junjie and Chintala, Soumith},
 booktitle = {Advances in Neural Information Processing Systems},
 editor = {H. Wallach and H. Larochelle and A. Beygelzimer and F. d\textquotesingle Alch\'{e}-Buc and E. Fox and R. Garnett},
 publisher = {Curran Associates, Inc.},
 title = {Py{T}orch: An Imperative Style, High-Performance Deep Learning Library},
 url = {https://proceedings.neurips.cc/paper/2019/file/bdbca288fee7f92f2bfa9f7012727740-Paper.pdf},
 volume = {32},
 year = {2019}
}
@inproceedings{wolf-etal-2020-transformers,
    title = "Transformers: State-of-the-Art Natural Language Processing",
    author = "Wolf, Thomas  and
      Debut, Lysandre  and
      Sanh, Victor  and
      Chaumond, Julien  and
      Delangue, Clement  and
      Moi, Anthony  and
      Cistac, Pierric  and
      Rault, Tim  and
      Louf, Remi  and
      Funtowicz, Morgan  and
      Davison, Joe  and
      Shleifer, Sam  and
      von Platen, Patrick  and
      Ma, Clara  and
      Jernite, Yacine  and
      Plu, Julien  and
      Xu, Canwen  and
      Le Scao, Teven  and
      Gugger, Sylvain  and
      Drame, Mariama  and
      Lhoest, Quentin  and
      Rush, Alexander",
    booktitle = "Proceedings of the 2020 Conference on Empirical Methods in Natural Language Processing: System Demonstrations",
    month = oct,
    year = "2020",
    address = "Online",
    publisher = "Association for Computational Linguistics",
    url = "https://aclanthology.org/2020.emnlp-demos.6",
    doi = "10.18653/v1/2020.emnlp-demos.6",
    pages = "38--45",
}
@inproceedings{strapparava-mihalcea-2007-semeval,
    title = "{S}em{E}val-2007 Task 14: Affective Text",
    author = "Strapparava, Carlo  and
      Mihalcea, Rada",
    booktitle = "Proceedings of the Fourth International Workshop on Semantic Evaluations ({S}em{E}val-2007)",
    month = jun,
    year = "2007",
    address = "Prague, Czech Republic",
    publisher = "Association for Computational Linguistics",
    url = "https://aclanthology.org/S07-1013",
    pages = "70--74",
}
@inproceedings{banko-brill-2001-scaling,
    title = "Scaling to Very Very Large Corpora for Natural Language Disambiguation",
    author = "Banko, Michele  and
      Brill, Eric",
    booktitle = "Proceedings of the 39th Annual Meeting of the Association for Computational Linguistics",
    month = jul,
    year = "2001",
    address = "Toulouse, France",
    publisher = "Association for Computational Linguistics",
    url = "https://aclanthology.org/P01-1005",
    doi = "10.3115/1073012.1073017",
    pages = "26--33",
}
@inproceedings{treebankgrammar,
author = {Charniak, Eugene},
title = {Tree-Bank Grammars},
year = {1996},
isbn = {026251091X},
publisher = {AAAI Press},
booktitle = {Proceedings of the Thirteenth National Conference on Artificial Intelligence - Volume 2},
pages = {1031–1036},
numpages = {6},
location = {Portland, Oregon},
series = {AAAI'96}
}
@inproceedings{bai2021pre,
    title = "Pre-train or Annotate? Domain Adaptation with a Constrained Budget",
    author = "Bai, Fan  and
      Ritter, Alan  and
      Xu, Wei",
    booktitle = "Proceedings of the 2021 Conference on Empirical Methods in Natural Language Processing",
    month = nov,
    year = "2021",
    address = "Online and Punta Cana, Dominican Republic",
    publisher = "Association for Computational Linguistics",
    url = "https://aclanthology.org/2021.emnlp-main.409",
    pages = "5002--5015"
}
@inproceedings{PETpaper,
    title = "Exploiting Cloze-Questions for Few-Shot Text Classification and Natural Language Inference",
    author = {Schick, Timo  and
      Sch{\"u}tze, Hinrich},
    booktitle = "Proceedings of the 16th Conference of the European Chapter of the Association for Computational Linguistics: Main Volume",
    month = apr,
    year = "2021",
    address = "Online",
    publisher = "Association for Computational Linguistics",
    url = "https://aclanthology.org/2021.eacl-main.20",
    pages = "255--269",
}
@inproceedings{adapterpaper,
  title={Parameter-efficient transfer learning for NLP},
  author={Houlsby, Neil and Giurgiu, Andrei and Jastrzebski, Stanislaw and Morrone, Bruna and De Laroussilhe, Quentin and Gesmundo, Andrea and Attariyan, Mona and Gelly, Sylvain},
  booktitle={International Conference on Machine Learning},
  pages={2790--2799},
  year={2019},
  organization={PMLR}
}
@inproceedings{maskingpaper,
    title = "Masking as an Efficient Alternative to Finetuning for Pretrained Language Models",
    author = {Zhao, Mengjie  and
      Lin, Tao  and
      Mi, Fei  and
      Jaggi, Martin  and
      Sch{\"u}tze, Hinrich},
    booktitle = "Proceedings of the 2020 Conference on Empirical Methods in Natural Language Processing (EMNLP)",
    month = nov,
    year = "2020",
    address = "Online",
    publisher = "Association for Computational Linguistics",
    url = "https://aclanthology.org/2020.emnlp-main.174",
    doi = "10.18653/v1/2020.emnlp-main.174",
    pages = "2226--2241",
}
@article{liu2021pre,
  title={Pre-train, prompt, and predict: A systematic survey of prompting methods in natural language processing},
  author={Liu, Pengfei and Yuan, Weizhe and Fu, Jinlan and Jiang, Zhengbao and Hayashi, Hiroaki and Neubig, Graham},
  journal={arXiv preprint arXiv:2107.13586},
  year={2021}
}
@INPROCEEDINGS{crowdsourcingsurvey,
  author={Yuen, Man-Ching and King, Irwin and Leung, Kwong-Sak},
  booktitle={2011 IEEE Third International Conference on Privacy, Security, Risk and Trust and 2011 IEEE Third International Conference on Social Computing}, 
  title={A Survey of Crowdsourcing Systems}, 
  year={2011},
  volume={},
  number={},
  pages={766-773},
  doi={10.1109/PASSAT/SocialCom.2011.203}
}
@article{crowdsourcingagg,
author = {Alonso, Omar and Rose, Daniel E. and Stewart, Benjamin},
title = {Crowdsourcing for Relevance Evaluation},
year = {2008},
issue_date = {December 2008},
publisher = {Association for Computing Machinery},
address = {New York, NY, USA},
volume = {42},
number = {2},
issn = {0163-5840},
url = {https://doi.org/10.1145/1480506.1480508},
doi = {10.1145/1480506.1480508},
journal = {SIGIR Forum},
month = nov,
pages = {9–15},
numpages = {7}
}
@article{howe2006rise,
  title={The rise of crowdsourcing},
  author={Howe, Jeff and others},
  journal={Wired magazine},
  volume={14},
  number={6},
  pages={1--4},
  year={2006}
}
@article{settles2009active,
  title={Active learning literature survey},
  author={Settles, Burr},
  year={2009},
  publisher={University of Wisconsin-Madison Department of Computer Sciences}
}
@proceedings{crowdsourws,
    title = "Proceedings of the {NAACL} {HLT} 2010 Workshop on Creating Speech and Language Data with {A}mazon{'}s Mechanical Turk",
    editor = "Callison-Burch, Chris  and
      Dredze, Mark",
    month = jun,
    year = "2010",
    address = "Los Angeles",
    publisher = "Association for Computational Linguistics",
    url = "https://aclanthology.org/W10-0700",
}
@proceedings{emnlp-2019-aggregating,
    title = "Proceedings of the First Workshop on Aggregating and Analysing Crowdsourced Annotations for NLP",
    editor = "Paun, Silviu  and
      Hovy, Dirk",
    month = nov,
    year = "2019",
    address = "Hong Kong, China",
    publisher = "Association for Computational Linguistics",
    url = "https://aclanthology.org/D19-5900",
}
@inproceedings{paun-etal-2018-probabilistic,
    title = "A Probabilistic Annotation Model for Crowdsourcing Coreference",
    author = "Paun, Silviu  and
      Chamberlain, Jon  and
      Kruschwitz, Udo  and
      Yu, Juntao  and
      Poesio, Massimo",
    booktitle = "Proceedings of the 2018 Conference on Empirical Methods in Natural Language Processing",
    month = oct # "-" # nov,
    year = "2018",
    address = "Brussels, Belgium",
    publisher = "Association for Computational Linguistics",
    url = "https://aclanthology.org/D18-1218",
    doi = "10.18653/v1/D18-1218",
    pages = "1926--1937"
}
@article{paun-etal-2018-comparing,
    title = "Comparing {B}ayesian Models of Annotation",
    author = "Paun, Silviu  and
      Carpenter, Bob  and
      Chamberlain, Jon  and
      Hovy, Dirk  and
      Kruschwitz, Udo  and
      Poesio, Massimo",
    journal = "Transactions of the Association for Computational Linguistics",
    volume = "6",
    year = "2018",
    url = "https://aclanthology.org/Q18-1040",
    doi = "10.1162/tacl_a_00040",
    pages = "571--585",
}
@article{dumitrache2021empirical,
  title={Empirical methodology for crowdsourcing ground truth},
  author={Dumitrache, Anca and Inel, Oana and Timmermans, Benjamin and Ortiz, Carlos and Sips, Robert-Jan and Aroyo, Lora and Welty, Chris},
  journal={Semantic Web},
  volume = "12",  
  number={3},
  pages={1--19},
  year={2021},
  publisher={IOS Press}
}
@inproceedings{falke-gurevych-2017-bringing,
    title = "Bringing Structure into Summaries: Crowdsourcing a Benchmark Corpus of Concept Maps",
    author = "Falke, Tobias  and
      Gurevych, Iryna",
    booktitle = "Proceedings of the 2017 Conference on Empirical Methods in Natural Language Processing",
    month = sep,
    year = "2017",
    address = "Copenhagen, Denmark",
    publisher = "Association for Computational Linguistics",
    url = "https://aclanthology.org/D17-1320",
    doi = "10.18653/v1/D17-1320",
    pages = "2951--2961",
}
@inproceedings{jamison-gurevych-2015-noise,
    title = "Noise or additional information? Leveraging crowdsource annotation item agreement for natural language tasks.",
    author = "Jamison, Emily  and
      Gurevych, Iryna",
    booktitle = "Proceedings of the 2015 Conference on Empirical Methods in Natural Language Processing",
    month = sep,
    year = "2015",
    address = "Lisbon, Portugal",
    publisher = "Association for Computational Linguistics",
    url = "https://aclanthology.org/D15-1035",
    doi = "10.18653/v1/D15-1035",
    pages = "291--297",
}
@inproceedings{bhardwaj-etal-2019-carb,
    title = "{C}a{RB}: A Crowdsourced Benchmark for Open {IE}",
    author = "Bhardwaj, Sangnie  and
      Aggarwal, Samarth  and
      Mausam, Mausam",
    booktitle = "Proceedings of the 2019 Conference on Empirical Methods in Natural Language Processing and the 9th International Joint Conference on Natural Language Processing (EMNLP-IJCNLP)",
    month = nov,
    year = "2019",
    address = "Hong Kong, China",
    publisher = "Association for Computational Linguistics",
    url = "https://aclanthology.org/D19-1651",
    doi = "10.18653/v1/D19-1651",
    pages = "6262--6267",
}
@inproceedings{nangia-etal-2021-ingredients,
    title = "What Ingredients Make for an Effective Crowdsourcing Protocol for Difficult {NLU} Data Collection Tasks?",
    author = "Nangia, Nikita  and
      Sugawara, Saku  and
      Trivedi, Harsh  and
      Warstadt, Alex  and
      Vania, Clara  and
      Bowman, Samuel R.",
    booktitle = "Proceedings of the 59th Annual Meeting of the Association for Computational Linguistics and the 11th International Joint Conference on Natural Language Processing (Volume 1: Long Papers)",
    month = aug,
    year = "2021",
    address = "Online",
    publisher = "Association for Computational Linguistics",
    url = "https://aclanthology.org/2021.acl-long.98",
    doi = "10.18653/v1/2021.acl-long.98",
    pages = "1221--1235",
}
@inproceedings{ELMopaper,
    title = "Deep Contextualized Word Representations",
    author = "Peters, Matthew E.  and
      Neumann, Mark  and
      Iyyer, Mohit  and
      Gardner, Matt  and
      Clark, Christopher  and
      Lee, Kenton  and
      Zettlemoyer, Luke",
    booktitle = "Proceedings of the 2018 Conference of the North {A}merican Chapter of the Association for Computational Linguistics: Human Language Technologies, Volume 1 (Long Papers)",
    month = jun,
    year = "2018",
    address = "New Orleans, Louisiana",
    publisher = "Association for Computational Linguistics",
    url = "https://aclanthology.org/N18-1202",
    doi = "10.18653/v1/N18-1202",
    pages = "2227--2237",
}
@inproceedings{XLNetpaper,
 author = {Yang, Zhilin and Dai, Zihang and Yang, Yiming and Carbonell, Jaime and Salakhutdinov, Russ R and Le, Quoc V},
 booktitle = {Advances in Neural Information Processing Systems},
 editor = {H. Wallach and H. Larochelle and A. Beygelzimer and F. d\textquotesingle Alch\'{e}-Buc and E. Fox and R. Garnett},
 pages = {},
 publisher = {Curran Associates, Inc.},
 title = {{XLN}et: Generalized Autoregressive Pretraining for Language Understanding},
 url = {https://proceedings.neurips.cc/paper/2019/file/dc6a7e655d7e5840e66733e9ee67cc69-Paper.pdf},
 volume = {32},
 year = {2019}
}
@inproceedings{GPT3paper,
 author = {Brown, Tom and Mann, Benjamin and Ryder, Nick and Subbiah,
                  Melanie and Kaplan, Jared D and Dhariwal, Prafulla
                  and Neelakantan, Arvind and Shyam, Pranav and
                  Sastry, Girish and Askell, Amanda and Agarwal,
                  Sandhini and Herbert-Voss, Ariel and Krueger,
                  Gretchen and Henighan, Tom and Child, Rewon and
                  Ramesh, Aditya and Ziegler, Daniel and Wu, Jeffrey
                  and Winter, Clemens and Hesse, Chris and Chen, Mark
                  and Sigler, Eric and Litwin, Mateusz and Gray, Scott
                  and Chess, Benjamin and Clark, Jack and Berner,
                  Christopher and McCandlish, Sam and Radford, Alec
                  and Sutskever, Ilya and Amodei, Dario},
 booktitle = {Advances in Neural Information Processing Systems},
 editor = {H. Larochelle and M. Ranzato and R. Hadsell and M. F. Balcan and H. Lin},
 pages = {1877--1901},
 publisher = {Curran Associates, Inc.},
 title = {Language Models are Few-Shot Learners},
 url = {https://proceedings.neurips.cc/paper/2020/file/1457c0d6bfcb4967418bfb8ac142f64a-Paper.pdf},
 volume = {33},
 year = {2020}
}

@inproceedings{roemmele2011choice,
  title={Choice of plausible alternatives: An evaluation of commonsense causal reasoning},
  author={Roemmele, Melissa and Bejan, Cosmin Adrian and Gordon, Andrew S},
  booktitle={2011 AAAI Spring Symposium Series},
  year={2011}
}

@inproceedings{callison-burch-2009-fast,
    title = "Fast, Cheap, and Creative: Evaluating Translation Quality Using {A}mazon{'}s {M}echanical {T}urk",
    author = "Callison-Burch, Chris",
    booktitle = "Proceedings of the 2009 Conference on Empirical Methods in Natural Language Processing",
    month = aug,
    year = "2009",
    address = "Singapore",
    publisher = "Association for Computational Linguistics",
    url = "https://aclanthology.org/D09-1030",
    pages = "286--295",
}
@article{simpson-gurevych-2018-finding,
    title = "Finding Convincing Arguments Using Scalable {B}ayesian Preference Learning",
    author = "Simpson, Edwin  and
      Gurevych, Iryna",
    journal = "Transactions of the Association for Computational Linguistics",
    volume = "6",
    year = "2018",
    url = "https://aclanthology.org/Q18-1026",
    doi = "10.1162/tacl_a_00026",
    pages = "357--371",
}
@article{kees2021active,
  title={Active Learning for Argument Strength Estimation},
  author={Kees, Nataliia and Fromm, Michael and Faerman, Evgeniy and Seidl, Thomas},
  journal={arXiv preprint arXiv:2109.11319},
  year={2021}
}
@article{lee2021annotation,
  title={Annotation Curricula to Implicitly Train Non-Expert Annotators},
  author={Lee, Ji-Ung and Klie, Jan-Christoph and Gurevych, Iryna},
  journal={arXiv preprint arXiv:2106.02382},
  year={2021}
}
@inproceedings{lee-etal-2020-empowering,
    title = "{E}mpowering {A}ctive {L}earning to {J}ointly {O}ptimize {S}ystem and {U}ser {D}emands",
    author = "Lee, Ji-Ung  and
      Meyer, Christian M.  and
      Gurevych, Iryna",
    booktitle = "Proceedings of the 58th Annual Meeting of the Association for Computational Linguistics",
    month = jul,
    year = "2020",
    address = "Online",
    publisher = "Association for Computational Linguistics",
    url = "https://aclanthology.org/2020.acl-main.390",
    doi = "10.18653/v1/2020.acl-main.390",
    pages = "4233--4247",
}
@article{schroder2020survey,
  title={A survey of active learning for text classification using deep neural networks},
  author={Schr{\"o}der, Christopher and Niekler, Andreas},
  journal={arXiv preprint arXiv:2008.07267},
  year={2020}
}
@inproceedings{settles-craven-2008-analysis,
    title = "An Analysis of Active Learning Strategies for Sequence Labeling Tasks",
    author = "Settles, Burr  and
      Craven, Mark",
    booktitle = "Proceedings of the 2008 Conference on Empirical Methods in Natural Language Processing",
    month = oct,
    year = "2008",
    address = "Honolulu, Hawaii",
    publisher = "Association for Computational Linguistics",
    url = "https://aclanthology.org/D08-1112",
    pages = "1070--1079",
}
@inproceedings{shen-etal-2017-deep,
    title = "Deep Active Learning for Named Entity Recognition",
    author = "Shen, Yanyao  and
      Yun, Hyokun  and
      Lipton, Zachary  and
      Kronrod, Yakov  and
      Anandkumar, Animashree",
    booktitle = "Proceedings of the 2nd Workshop on Representation Learning for {NLP}",
    month = aug,
    year = "2017",
    address = "Vancouver, Canada",
    publisher = "Association for Computational Linguistics",
    url = "https://aclanthology.org/W17-2630",
    doi = "10.18653/v1/W17-2630",
    pages = "252--256"
}
@article{cohn1996active,
  title={Active learning with statistical models},
  author={Cohn, David A and Ghahramani, Zoubin and Jordan, Michael I},
  journal={Journal of artificial intelligence research},
  volume={4},
  pages={129--145},
  year={1996}
}
@inproceedings{ALCNN,
author = {Zhang, Ye and Lease, Matthew and Wallace, Byron C.},
title = {Active Discriminative Text Representation Learning},
year = {2017},
publisher = {AAAI Press},
booktitle = {Proceedings of the Thirty-First AAAI Conference on Artificial Intelligence},
pages = {3386–3392},
numpages = {7},
location = {San Francisco, California, USA},
series = {AAAI'17}
}
@inproceedings{siddhant-lipton-2018-deep,
    title = "Deep {B}ayesian Active Learning for Natural Language Processing: Results of a Large-Scale Empirical Study",
    author = "Siddhant, Aditya  and
      Lipton, Zachary C.",
    booktitle = "Proceedings of the 2018 Conference on Empirical Methods in Natural Language Processing",
    month = oct # "-" # nov,
    year = "2018",
    address = "Brussels, Belgium",
    publisher = "Association for Computational Linguistics",
    url = "https://aclanthology.org/D18-1318",
    doi = "10.18653/v1/D18-1318",
    pages = "2904--2909",
}
@inproceedings{ein-dor-etal-2020-active,
    title = "{A}ctive {L}earning for {BERT}: {A}n {E}mpirical {S}tudy",
    author = "Ein-Dor, Liat  and
      Halfon, Alon  and
      Gera, Ariel  and
      Shnarch, Eyal  and
      Dankin, Lena  and
      Choshen, Leshem  and
      Danilevsky, Marina  and
      Aharonov, Ranit  and
      Katz, Yoav  and
      Slonim, Noam",
    booktitle = "Proceedings of the 2020 Conference on Empirical Methods in Natural Language Processing (EMNLP)",
    month = nov,
    year = "2020",
    address = "Online",
    publisher = "Association for Computational Linguistics",
    url = "https://aclanthology.org/2020.emnlp-main.638",
    doi = "10.18653/v1/2020.emnlp-main.638",
    pages = "7949--7962",
}
@inproceedings{wang2021want,
    title = "Want To Reduce Labeling Cost? {GPT}-3 Can Help",
    author = "Wang, Shuohang  and
      Liu, Yang  and
      Xu, Yichong  and
      Zhu, Chenguang  and
      Zeng, Michael",
    booktitle = "Findings of the Association for Computational Linguistics: EMNLP 2021",
    month = nov,
    year = "2021",
    address = "Punta Cana, Dominican Republic",
    publisher = "Association for Computational Linguistics",
    url = "https://aclanthology.org/2021.findings-emnlp.354",
    pages = "4195--4205",
}

@inproceedings{yoo2021gpt3mix,
    title = "{GPT}3{M}ix: Leveraging Large-scale Language Models for Text Augmentation",
    author = "Yoo, Kang Min  and
      Park, Dongju  and
      Kang, Jaewook  and
      Lee, Sang-Woo  and
      Park, Woomyoung",
    booktitle = "Findings of the Association for Computational Linguistics: EMNLP 2021",
    month = nov,
    year = "2021",
    address = "Punta Cana, Dominican Republic",
    publisher = "Association for Computational Linguistics",
    url = "https://aclanthology.org/2021.findings-emnlp.192",
    pages = "2225--2239"
}
@article{schwartz2020green,
  title={Green {AI}},
  author={Schwartz, Roy and Dodge, Jesse and Smith, Noah A and Etzioni, Oren},
  journal={Communications of the ACM},
  volume={63},
  number={12},
  pages={54--63},
  year={2020},
  publisher={ACM New York, NY, USA}
}
@inproceedings{strubell-etal-2019-energy,
    title = "Energy and Policy Considerations for Deep Learning in {NLP}",
    author = "Strubell, Emma  and
      Ganesh, Ananya  and
      McCallum, Andrew",
    booktitle = "Proceedings of the 57th Annual Meeting of the Association for Computational Linguistics",
    month = jul,
    year = "2019",
    address = "Florence, Italy",
    publisher = "Association for Computational Linguistics",
    url = "https://aclanthology.org/P19-1355",
    doi = "10.18653/v1/P19-1355",
    pages = "3645--3650",
}
@inproceedings{margatina2021active,
    title = "Active Learning by Acquiring Contrastive Examples",
    author = {Margatina, Katerina  and
      Vernikos, Giorgos  and
      Barrault, Lo{\"\i}c  and
      Aletras, Nikolaos},
    booktitle = "Proceedings of the 2021 Conference on Empirical Methods in Natural Language Processing",
    month = nov,
    year = "2021",
    address = "Online and Punta Cana, Dominican Republic",
    publisher = "Association for Computational Linguistics",
    url = "https://aclanthology.org/2021.emnlp-main.51",
    pages = "650--663"
}
@inproceedings{liang-etal-2020-alice,
    title = "{ALICE}: Active Learning with Contrastive Natural Language Explanations",
    author = "Liang, Weixin  and
      Zou, James  and
      Yu, Zhou",
    booktitle = "Proceedings of the 2020 Conference on Empirical Methods in Natural Language Processing (EMNLP)",
    month = nov,
    year = "2020",
    address = "Online",
    publisher = "Association for Computational Linguistics",
    url = "https://aclanthology.org/2020.emnlp-main.355",
    doi = "10.18653/v1/2020.emnlp-main.355",
    pages = "4380--4391",
}
@article{patterson2021carbon,
  title={Carbon emissions and large neural network training},
  author={Patterson, David and Gonzalez, Joseph and Le, Quoc and Liang, Chen and Munguia, Lluis-Miquel and Rothchild, Daniel and So, David and Texier, Maud and Dean, Jeff},
  journal={arXiv preprint arXiv:2104.10350},
  year={2021}
}
@inproceedings{guo2017calibration,
  title={On calibration of modern neural networks},
  author={Guo, Chuan and Pleiss, Geoff and Sun, Yu and Weinberger, Kilian Q},
  booktitle={International Conference on Machine Learning},
  pages={1321--1330},
  year={2017},
  organization={PMLR}
}
@article{cohn1994improving,
  title={Improving generalization with active learning},
  author={Cohn, David and Atlas, Les and Ladner, Richard},
  journal={Machine learning},
  volume={15},
  number={2},
  pages={201--221},
  year={1994},
  publisher={Springer}
}
@inproceedings{yarowsky-1995-unsupervised,
    title = "Unsupervised Word Sense Disambiguation Rivaling Supervised Methods",
    author = "Yarowsky, David",
    booktitle = "33rd Annual Meeting of the Association for Computational Linguistics",
    month = jun,
    year = "1995",
    address = "Cambridge, Massachusetts, USA",
    publisher = "Association for Computational Linguistics",
    url = "https://aclanthology.org/P95-1026",
    doi = "10.3115/981658.981684",
    pages = "189--196",
}
@inproceedings{zhang-plank-2021-cartography-active,
    title = "Cartography Active Learning",
    author = "Zhang, Mike  and
      Plank, Barbara",
    booktitle = "Findings of the Association for Computational Linguistics: EMNLP 2021",
    month = nov,
    year = "2021",
    address = "Punta Cana, Dominican Republic",
    publisher = "Association for Computational Linguistics",
    url = "https://aclanthology.org/2021.findings-emnlp.36",
    pages = "395--406"
}
@inproceedings{lee2013pseudo,
  title={Pseudo-label: The simple and efficient semi-supervised learning method for deep neural networks},
  author={Lee, Dong-Hyun and others},
  booktitle={Workshop on challenges in representation learning, ICML},
  volume={3},
  pages={896},
  year={2013}
}
@inproceedings{he-etal-2015-question,
    title = "Question-Answer Driven Semantic Role Labeling: Using Natural Language to Annotate Natural Language",
    author = "He, Luheng  and
      Lewis, Mike  and
      Zettlemoyer, Luke",
    booktitle = "Proceedings of the 2015 Conference on Empirical Methods in Natural Language Processing",
    month = sep,
    year = "2015",
    address = "Lisbon, Portugal",
    publisher = "Association for Computational Linguistics",
    url = "https://aclanthology.org/D15-1076",
    doi = "10.18653/v1/D15-1076",
    pages = "643--653",
}
@inproceedings{xlmrprompting,
    title = "Discrete and Soft Prompting for Multilingual Models",
    author = {Zhao, Mengjie  and
      Sch{\"u}tze, Hinrich},
    booktitle = "Proceedings of the 2021 Conference on Empirical Methods in Natural Language Processing",
    month = nov,
    year = "2021",
    address = "Online and Punta Cana, Dominican Republic",
    publisher = "Association for Computational Linguistics",
    url = "https://aclanthology.org/2021.emnlp-main.672",
    pages = "8547--8555"
}
@inproceedings{datasetmap,
    title = "Dataset Cartography: Mapping and Diagnosing Datasets with Training Dynamics",
    author = "Swayamdipta, Swabha  and
      Schwartz, Roy  and
      Lourie, Nicholas  and
      Wang, Yizhong  and
      Hajishirzi, Hannaneh  and
      Smith, Noah A.  and
      Choi, Yejin",
    booktitle = "Proceedings of the 2020 Conference on Empirical Methods in Natural Language Processing (EMNLP)",
    month = nov,
    year = "2020",
    address = "Online",
    publisher = "Association for Computational Linguistics",
    url = "https://aclanthology.org/2020.emnlp-main.746",
    doi = "10.18653/v1/2020.emnlp-main.746",
    pages = "9275--9293",
}
@article{hinton2015distilling,
  title={Distilling the knowledge in a neural network},
  author={Hinton, Geoffrey and Vinyals, Oriol and Dean, Jeff},
  journal={arXiv preprint arXiv:1503.02531},
  year={2015}
}
@inproceedings{roit-etal-2020-controlled,
    title = "Controlled Crowdsourcing for High-Quality {QA}-{SRL} Annotation",
    author = "Roit, Paul  and
      Klein, Ayal  and
      Stepanov, Daniela  and
      Mamou, Jonathan  and
      Michael, Julian  and
      Stanovsky, Gabriel  and
      Zettlemoyer, Luke  and
      Dagan, Ido",
    booktitle = "Proceedings of the 58th Annual Meeting of the Association for Computational Linguistics",
    month = jul,
    year = "2020",
    address = "Online",
    publisher = "Association for Computational Linguistics",
    url = "https://aclanthology.org/2020.acl-main.626",
    doi = "10.18653/v1/2020.acl-main.626",
    pages = "7008--7013",
}
@inproceedings{wang-etal-2017-instance,
    title = "Instance Weighting for Neural Machine Translation Domain Adaptation",
    author = "Wang, Rui  and
      Utiyama, Masao  and
      Liu, Lemao  and
      Chen, Kehai  and
      Sumita, Eiichiro",
    booktitle = "Proceedings of the 2017 Conference on Empirical Methods in Natural Language Processing",
    month = sep,
    year = "2017",
    address = "Copenhagen, Denmark",
    publisher = "Association for Computational Linguistics",
    url = "https://aclanthology.org/D17-1155",
    doi = "10.18653/v1/D17-1155",
    pages = "1482--1488",
}
@inproceedings{lewis1994sequential,
  title={A sequential algorithm for training text classifiers},
  author={Lewis, David D and Gale, William A},
  booktitle={SIGIR’94},
  pages={3--12},
  year={1994},
  organization={Springer}
}
@article{roy2001toward,
  title={Toward optimal active learning through monte carlo estimation of error reduction},
  author={Roy, Nicholas and McCallum, Andrew},
  journal={ICML, Williamstown},
  volume={2},
  pages={441--448},
  year={2001}
}
@inproceedings{zhao-etal-2021-closer,
    title = "A Closer Look at Few-Shot Crosslingual Transfer: The Choice of Shots Matters",
    author = {Zhao, Mengjie  and
      Zhu, Yi  and
      Shareghi, Ehsan  and
      Vuli{\'c}, Ivan  and
      Reichart, Roi  and
      Korhonen, Anna  and
      Sch{\"u}tze, Hinrich},
    booktitle = "Proceedings of the 59th Annual Meeting of the Association for Computational Linguistics and the 11th International Joint Conference on Natural Language Processing (Volume 1: Long Papers)",
    month = aug,
    year = "2021",
    address = "Online",
    publisher = "Association for Computational Linguistics",
    url = "https://aclanthology.org/2021.acl-long.447",
    doi = "10.18653/v1/2021.acl-long.447",
    pages = "5751--5767",
}
@article{winata2021language,
  title={Language Models are Few-shot Multilingual Learners},
  author={Winata, Genta Indra and Madotto, Andrea and Lin, Zhaojiang and Liu, Rosanne and Yosinski, Jason and Fung, Pascale},
  journal={arXiv preprint arXiv:2109.07684},
  year={2021}
}

@book{monarch2021human,
  title={Human-in-the-Loop Machine Learning: Active learning and annotation for human-centered AI},
  author={Monarch, Robert Munro},
  year={2021},
  publisher={Simon and Schuster}
}

@article{mi2021cins,
  title={CINS: Comprehensive Instruction for Few-shot Learning in Task-oriented Dialog Systems},
  author={Mi, Fei and Li, Yitong and Wang, Yasheng and Jiang, Xin and Liu, Qun},
  journal={arXiv preprint arXiv:2109.04645},
  year={2021}
}

@inproceedings{mi2021self,
  title={Self-training Improves Pre-training for Few-shot Learning in Task-oriented Dialog Systems},
  author={Mi, Fei and Zhou, Wanhao and Kong, Lingjing and Cai, Fengyu and Huang, Minlie and Faltings, Boi},
  booktitle={Proceedings of the 2021 Conference on Empirical Methods in Natural Language Processing},
  pages={1887--1898},
  year={2021}
}
@article{lin2021few,
  title={Few-shot Learning with Multilingual Language Models},
  author={Lin, Xi Victoria and Mihaylov, Todor and Artetxe, Mikel and Wang, Tianlu and Chen, Shuohui and Simig, Daniel and Ott, Myle and Goyal, Naman and Bhosale, Shruti and Du, Jingfei and others},
  journal={arXiv preprint arXiv:2112.10668},
  year={2021}
}
@article{abney-2004-understanding,
    title = "Understanding the {Y}arowsky Algorithm",
    author = "Abney, Steven",
    journal = "Computational Linguistics",
    volume = "30",
    number = "3",
    year = "2004",
    url = "https://aclanthology.org/J04-3004",
    doi = "10.1162/0891201041850876",
    pages = "365--395",
}
@article{kaplan2020scaling,
  title={Scaling laws for neural language models},
  author={Kaplan, Jared and McCandlish, Sam and Henighan, Tom and Brown, Tom B and Chess, Benjamin and Child, Rewon and Gray, Scott and Radford, Alec and Wu, Jeffrey and Amodei, Dario},
  journal={arXiv preprint arXiv:2001.08361},
  year={2020}
}