@inproceedings{abbeel2004apprenticeship,
  title={Apprenticeship learning via inverse reinforcement learning},
  author={Abbeel, Pieter and Ng, Andrew Y.},
  booktitle={International Conference on Machine Learning},
  year={2004}
}

@article{alain2016gsns,
  title={{GSNs}: generative stochastic networks},
  author={Alain, Guillaume and Bengio, Yoshua and Yao, Li and Yosinski, Jason and Thibodeau-Laufer, Eric and Zhang, Saizheng and Vincent, Pascal},
  journal={Information and Inference: A Journal of the IMA},
  volume={5},
  number={2},
  pages={210--249},
  year={2016},
  publisher={Oxford University Press}
}

@article{ba2016layer,
  title={Layer normalization},
  author={Ba, Jimmy Lei and Kiros, Jamie Ryan and Hinton, Geoffrey E},
  journal={arXiv preprint arXiv:1607.06450},
  year={2016}
}

@article{balle2016end,
  title={End-to-end optimized image compression},
  author={Ball{\'e}, Johannes and Laparra, Valero and Simoncelli, Eero P},
  journal={arXiv preprint arXiv:1611.01704},
  year={2016}
}

@article{balle2018variational,
  title={Variational image compression with a scale hyperprior},
  author={Ball{\'e}, Johannes and Minnen, David and Singh, Saurabh and Hwang, Sung Jin and Johnston, Nick},
  journal={arXiv preprint arXiv:1802.01436},
  year={2018}
}

@article{barto1983neuronlike,
  title={Neuronlike adaptive elements that can solve difficult learning control problems},
  author={Barto, Andrew G and Sutton, Richard S and Anderson, Charles W},
  journal={Systems, Man and Cybernetics, IEEE Transactions on},
  number={5},
  volume={SMC-13},
  pages={834--846},
  year={1983},
  publisher={IEEE}
}

@article{behrmann2018invertible,
  title={Invertible residual networks},
  author={Behrmann, Jens and Duvenaud, David and Jacobsen, J{\"o}rn-Henrik},
  journal={arXiv preprint arXiv:1811.00995},
  year={2018}
}

@article{bell1995information,
  title={An information-maximization approach to blind separation and blind deconvolution},
  author={Bell, Anthony J and Sejnowski, Terrence J},
  journal={Neural computation},
  volume={7},
  number={6},
  pages={1129--1159},
  year={1995},
  publisher={MIT Press}
}

@inproceedings{bloem2014infinite,
  title={Infinite time horizon maximum causal entropy inverse reinforcement learning},
  author={Bloem, Michael and Bambos, Nicholas},
  booktitle={53rd IEEE Conference on Decision and Control},
  pages={4911--4916},
  year={2014},
  organization={IEEE}
}

@inproceedings{bordes2016learning,
  title={Learning to Generate Samples from Noise through Infusion Training},
  author={Bordes, Florian and Honari, Sina and Vincent, Pascal},
  booktitle={International Conference on Learning Representations},
  year={2017}
}

@book{boyd2004convex,
  title={Convex optimization},
  author={Boyd, Stephen and Vandenberghe, Lieven},
  year={2004},
  publisher={Cambridge university press}
}

@inproceedings{brock2018large,
  title={Large Scale {GAN} Training for High Fidelity Natural Image Synthesis},
  author={Andrew Brock and Jeff Donahue and Karen Simonyan},
  booktitle={International Conference on Learning Representations},
  year={2019}
}

@article{burda2015importance,
  title={Importance weighted autoencoders},
  author={Burda, Yuri and Grosse, Roger and Salakhutdinov, Ruslan},
  journal={arXiv preprint arXiv:1509.00519},
  year={2015}
}

@article{che2020your,
  title={Your {GAN} is Secretly an Energy-based Model and You Should use Discriminator Driven Latent Sampling},
  author={Che, Tong and Zhang, Ruixiang and Sohl-Dickstein, Jascha and Larochelle, Hugo and Paull, Liam and Cao, Yuan and Bengio, Yoshua},
  journal={arXiv preprint arXiv:2003.06060},
  year={2020}
}

@inproceedings{chen2016variational,
  title={Variational lossy autoencoder},
  author={Chen, Xi and Kingma, Diederik P and Salimans, Tim and Duan, Yan and Dhariwal, Prafulla and Schulman, John and Sutskever, Ilya and Abbeel, Pieter},
  booktitle={International Conference on Learning Representations},
  year={2017}
}

@inproceedings{chen2018pixelsnail,
  title={Pixel{SNAIL}: An Improved Autoregressive Generative Model},
  author={Chen, Xi and Mishra, Nikhil and Rohaninejad, Mostafa and Abbeel, Pieter},
  booktitle={International Conference on Machine Learning},
  pages={863--871},
  year={2018}
}

@inproceedings{chen2018neural,
  title={Neural ordinary differential equations},
  author={Chen, Tian Qi and Rubanova, Yulia and Bettencourt, Jesse and Duvenaud, David K},
  booktitle={Advances in Neural Information Processing Systems},
  pages={6571--6583},
  year={2018}
}

@article{child2019generating,
  title={Generating Long Sequences with Sparse Transformers},
  author={Child, Rewon and Gray, Scott and Radford, Alec and Sutskever, Ilya},
  journal={arXiv preprint arXiv:1904.10509},
  year={2019}
}

@inproceedings{christiano2017deep,
  title={Deep reinforcement learning from human preferences},
  author={Christiano, Paul F and Leike, Jan and Brown, Tom and Martic, Miljan and Legg, Shane and Amodei, Dario},
  booktitle={Advances in Neural Information Processing Systems},
  pages={4299--4307},
  year={2017}
}

@book{cover2012elements,
  title={Elements of information theory},
  author={Cover, Thomas M and Thomas, Joy A},
  year={2012},
  publisher={John Wiley \& Sons}
}

@article{d1960probleme,
  title={Sur un probleme de production et de stockage dans lâ€™al{\'e}atoire},
  author={d'Epenoux, F},
  journal={Revue Fran{\c{c}}aise de Recherche Op{\'e}rationelle},
  volume={14},
  pages={3--16},
  year={1960}
}

@inproceedings{dauphin2017language,
  title={Language modeling with gated convolutional networks},
  author={Dauphin, Yann N and Fan, Angela and Auli, Michael and Grangier, David},
  booktitle={International Conference on Machine Learning},
  pages={933--941},
  year={2017}
}

@article{dayan1995helmholtz,
  title={The helmholtz machine},
  author={Dayan, Peter and Hinton, Geoffrey E and Neal, Radford M and Zemel, Richard S},
  journal={Neural computation},
  volume={7},
  number={5},
  pages={889--904},
  year={1995},
  publisher={MIT Press}
}

@inproceedings{deco1995higher,
  title={Higher order statistical decorrelation without information loss},
  author={Deco, Gustavo and Brauer, Wilfried},
  booktitle={Advances in Neural Information Processing Systems},
  pages={247--254},
  year={1995}
}

@article{deng2020residual,
  title={Residual energy-based models for text generation},
  author={Deng, Yuntian and Bakhtin, Anton and Ott, Myle and Szlam, Arthur and Ranzato, Marc'Aurelio},
  journal={arXiv preprint arXiv:2004.11714},
  year={2020}
}

@article{dinh2014nice,
  title={{NICE}: Non-linear independent components estimation},
  author={Dinh, Laurent and Krueger, David and Bengio, Yoshua},
  journal={arXiv preprint arXiv:1410.8516},
  year={2014}
}

@article{dinh2016density,
  title={Density estimation using {R}eal {NVP}},
  author={Dinh, Laurent and Sohl-Dickstein, Jascha and Bengio, Samy},
  journal={arXiv preprint arXiv:1605.08803},
  year={2016}
}

@inproceedings{du2019implicit,
  title={Implicit Generation and Modeling with Energy Based Models},
  author={Du, Yilun and Mordatch, Igor},
  booktitle={Advances in Neural Information Processing Systems},
  pages={3603--3613},
  year={2019}
}

@inproceedings{duan2017one,
  title={One-shot imitation learning},
  author={Duan, Yan and Andrychowicz, Marcin and Stadie, Bradly and Ho, Jonathan and Schneider, Jonas and Sutskever, Ilya and Abbeel, Pieter and Zaremba, Wojciech},
  booktitle={Advances in Neural Information Processing Systems},
  pages={1087--1098},
  year={2017}
}

@article{duda2013asymmetric,
  title={Asymmetric numeral systems: entropy coding combining speed of {Huffman} coding with compression rate of arithmetic coding},
  author={Duda, Jarek},
  journal={arXiv preprint arXiv:1311.2540},
  year={2013}
}

@inproceedings{ermon2015learning,
  title={Learning Large-Scale Dynamic Discrete Choice Models of Spatio-Temporal Preferences with Application to Migratory Pastoralism in East Africa.},
  author={Ermon, Stefano and Xue, Yexiang and Toth, Russell and Dilkina, Bistra N and Bernstein, Richard and Damoulas, Theodoros and Clark, Patrick and DeGloria, Steve and Mude, Andrew and Barrett, Christopher and others},
  booktitle={AAAI},
  pages={644--650},
  year={2015}
}

@article{frey1997efficient,
  title={Efficient stochastic source coding and an application to a {B}ayesian network source model},
  author={Frey, Brendan J. and Hinton, Geoffrey E.},
  journal={The Computer Journal},
  volume={40},
  number={2\_and\_3},
  pages={157--165},
  year={1997},
  publisher={Oxford University Press}
}

@inproceedings{finn2016guided,
  title={Guided cost learning: Deep inverse optimal control via policy optimization},
  author={Finn, Chelsea and Levine, Sergey and Abbeel, Pieter},
  booktitle={International Conference on Machine Learning},
  pages={49--58},
  year={2016}
}

@inproceedings{fu2018learning,
  title={Learning Robust Rewards with Adverserial Inverse Reinforcement Learning},
  author={Justin Fu and Katie Luo and Sergey Levine},
  booktitle={International Conference on Learning Representations},
  year={2018},
}

@inproceedings{gao2018learning,
  title={Learning generative {ConvNets} via multi-grid modeling and sampling},
  author={Gao, Ruiqi and Lu, Yang and Zhou, Junpei and Zhu, Song-Chun and Nian Wu, Ying},
  booktitle={Proceedings of the IEEE Conference on Computer Vision and Pattern Recognition},
  pages={9155--9164},
  year={2018}
}

@inproceedings{gao2020flow,
  title={Flow contrastive estimation of energy-based models},
  author={Gao, Ruiqi and Nijkamp, Erik and Kingma, Diederik P and Xu, Zhen and Dai, Andrew M and Wu, Ying Nian},
  booktitle={Proceedings of the IEEE/CVF Conference on Computer Vision and Pattern Recognition},
  pages={7518--7528},
  year={2020}
}

@article{geramifard2015rlpy,
  title={RLPy: A Value-Function-Based Reinforcement Learning Framework for Education and Research},
  author={Geramifard, Alborz and Dann, Christoph and Klein, Robert H and Dabney, William and How, Jonathan P},
  journal={JMLR},
  year={2015}
}

@inproceedings{germain2015made,
  title={{MADE}: Masked autoencoder for distribution estimation},
  author={Germain, Mathieu and Gregor, Karol and Murray, Iain and Larochelle, Hugo},
  booktitle={International Conference on Machine Learning},
  pages={881--889},
  year={2015}
}

@article{giesen2014interleaved,
  title={Interleaved entropy coders},
  author={Giesen, Fabian},
  journal={arXiv preprint arXiv:1402.3392},
  year={2014}
}

@inproceedings{grathwohl2019ffjord,
  title={{FFJORD}: Free-Form Continuous Dynamics for Scalable Reversible Generative Models},
  author={Will Grathwohl and Ricky T. Q. Chen and Jesse Bettencourt and David Duvenaud},
  booktitle={International Conference on Learning Representations},
  year={2019}
}

@inproceedings{grathwohl2020your,
  title={Your classifier is secretly an energy based model and you should treat it like one},
  author={Will Grathwohl and Kuan-Chieh Wang and Joern-Henrik Jacobsen and David Duvenaud and Mohammad Norouzi and Kevin Swersky},
  booktitle={International Conference on Learning Representations},
  year={2020}
}

@inproceedings{gregor2016towards,
  title={Towards conceptual compression},
  author={Gregor, Karol and Besse, Frederic and Rezende, Danilo Jimenez and Danihelka, Ivo and Wierstra, Daan},
  booktitle={Advances In Neural Information Processing Systems},
  pages={3549--3557},
  year={2016}
}

@article{gritsenko2019relationship,
  title={On the relationship between Normalising Flows and Variational-and Denoising Autoencoders},
  author={Gritsenko, Alexey A and Snoek, Jasper and Salimans, Tim},
  year={2019},
  journal={ICLR Deep Generative Models for Highly Structured Data Workshop}
}

@inproceedings{goodfellow2014generative,
  title={Generative adversarial nets},
  author={Goodfellow, Ian and Pouget-Abadie, Jean and Mirza, Mehdi and Xu, Bing and Warde-Farley, David and Ozair, Sherjil and Courville, Aaron and Bengio, Yoshua},
  booktitle={Advances in Neural Information Processing Systems},
  pages={2672--2680},
  year={2014}
}

@inproceedings{goyal2017variational,
  title={Variational walkback: Learning a transition operator as a stochastic recurrent net},
  author={Goyal, Anirudh and Ke, Nan Rosemary and Ganguli, Surya and Bengio, Yoshua},
  booktitle={Advances in Neural Information Processing Systems},
  pages={4392--4402},
  year={2017}
}

@article{gym,
  title={{OpenAI} {Gym}},
  author={Greg Brockman and Vicki Cheung and Ludwig Pettersson and Jonas Schneider and John Schulman and Jie Tang and Wojciech Zaremba},
  journal={arXiv preprint arXiv:1606.01540},
  year={2016}
}

@inproceedings{harsha2007communication,
  title={The communication complexity of correlation},
  author={Harsha, Prahladh and Jain, Rahul and McAllester, David and Radhakrishnan, Jaikumar},
  booktitle={Twenty-Second Annual IEEE Conference on Computational Complexity (CCC'07)},
  pages={10--23},
  year={2007},
  organization={IEEE}
}

@inproceedings{havasi2018minimal,
  title={Minimal Random Code Learning: Getting Bits Back from Compressed Model Parameters},
  author={Marton Havasi and Robert Peharz and JosÃ© Miguel HernÃ¡ndez-Lobato},
  booktitle={International Conference on Learning Representations},
  year={2019}
}

@inproceedings{heusel2017gans,
  title={{GANs} trained by a two time-scale update rule converge to a local {Nash} equilibrium},
  author={Heusel, Martin and Ramsauer, Hubert and Unterthiner, Thomas and Nessler, Bernhard and Hochreiter, Sepp},
  booktitle={Advances in Neural Information Processing Systems},
  pages={6626--6637},
  year={2017}
}

@inproceedings{higgins2017beta,
  title={beta-{VAE}: Learning Basic Visual Concepts with a Constrained Variational Framework},
  author={Higgins, Irina and Matthey, Loic and Pal, Arka and Burgess, Christopher and Glorot, Xavier and Botvinick, Matthew and Mohamed, Shakir and Lerchner, Alexander},
  booktitle={International Conference on Learning Representations},
  year={2017}
}

@inproceedings{hinton1993keeping,
  title={Keeping neural networks simple by minimizing the description length of the weights},
  author={Hinton, Geoffrey E and Van Camp, Drew},
  booktitle={Proceedings of the Sixth Annual Conference on Computational Learning Theory},
  pages={5--13},
  year={1993}
}

@inproceedings{ho2016model,
  title={Model-free imitation learning with policy optimization},
  author={Ho, Jonathan and Gupta, Jayesh and Ermon, Stefano},
  booktitle={International Conference on Machine Learning},
  pages={2760--2769},
  year={2016}
}

@inproceedings{ho2016generative,
  title={Generative adversarial imitation learning},
  author={Ho, Jonathan and Ermon, Stefano},
  booktitle={Advances in Neural Information Processing Systems},
  pages={4565--4573},
  year={2016}
}

@inproceedings{ho2019flow++,
  title={Flow++: Improving Flow-Based Generative Models with Variational Dequantization and Architecture Design},
  author={Ho, Jonathan and Chen, Xi and Srinivas, Aravind and Duan, Yan and Abbeel, Pieter},
  booktitle={International Conference on Machine Learning},
  year={2019}
}

@inproceedings{ho2019compression,
  title={Compression with Flows via Local Bits-Back Coding},
  author={Ho, Jonathan and Lohn, Evan and Abbeel, Pieter},
  booktitle={Advances in Neural Information Processing Systems},
  pages={3874--3883},
  year={2019}
}

@article{ho2019axial,
  title={Axial Attention in Multidimensional Transformers},
  author={Ho, Jonathan and Kalchbrenner, Nal and Weissenborn, Dirk and Salimans, Tim},
  journal={arXiv preprint arXiv:1912.12180},
  year={2019}
}

@inproceedings{hoogeboom2019integer,
  title={Integer discrete flows and lossless compression},
  author={Hoogeboom, Emiel and Peters, Jorn and van den Berg, Rianne and Welling, Max},
  booktitle={Advances in Neural Information Processing Systems},
  pages={12134--12144},
  year={2019}
}

@article{hoogeboom2020learning,
  title={Learning Discrete Distributions by Dequantization},
  author={Hoogeboom, Emiel and Cohen, Taco S and Tomczak, Jakub M},
  journal={arXiv preprint arXiv:2001.11235},
  year={2020}
}

@article{honkela2004variational,
  title={Variational learning and bits-back coding: an information-theoretic view to {B}ayesian learning},
  author={Honkela, Antti and Valpola, Harri},
  journal={IEEE Transactions on Neural Networks},
  volume={15},
  number={4},
  pages={800--810},
  year={2004},
  publisher={IEEE}
}

@inproceedings{huang2020evaluating,
  title={Evaluating Lossy Compression Rates of Deep Generative Models},
  author={Huang, Sicong and Makhzani, Alireza and Cao, Yanshuai and Grosse, Roger},
  booktitle={International Conference on Machine Learning},
  year={2020}
}

@inproceedings{huang2015approximate,
  title={Approximate MaxEnt Inverse Optimal Control and Its Application for Mental Simulation of Human Interactions.},
  author={Huang, De-An and Farahmand, Amir Massoud and Kitani, Kris M and Bagnell, James Andrew},
  booktitle={AAAI},
  year={2015}
}

@inproceedings{huang2018neural,
  title={Neural Autoregressive Flows},
  author={Huang, Chin-Wei and Krueger, David and Lacoste, Alexandre and Courville, Aaron},
  booktitle={International Conference on Machine Learning},
  pages={2083--2092},
  year={2018}
}

@article{huffman1952method,
  title={A method for the construction of minimum-redundancy codes},
  author={Huffman, David A},
  journal={Proceedings of the IRE},
  volume={40},
  number={9},
  pages={1098--1101},
  year={1952},
  publisher={IEEE}
}

@book{hyvarinen2004independent,
  title={Independent component analysis},
  author={Hyv{\"a}rinen, Aapo and Karhunen, Juha and Oja, Erkki},
  volume={46},
  year={2004},
  publisher={John Wiley \& Sons}
}

@article{hyvarinen1999nonlinear,
  title={Nonlinear independent component analysis: Existence and uniqueness results},
  author={Hyv{\"a}rinen, Aapo and Pajunen, Petteri},
  journal={Neural Networks},
  volume={12},
  number={3},
  pages={429--439},
  year={1999},
  publisher={Elsevier}
}

@article{kalchbrenner2016language,
  title={Neural Machine Translation in Linear Time},
  author={Kalchbrenner, Nal and Espheholt, Lasse and Simonyan, Karen and van den Oord, Aaron and Graves, Alex and Kavukcuoglu, Koray},
  journal={arXiv preprint arXiv:1610.00527},
  year={2016}
}

@inproceedings{kalchbrenner2017video,
  title={Video Pixel Networks},
  author={Kalchbrenner, Nal and van den Oord, Aaron and Simonyan, Karen and Danihelka, Ivo and Vinyals, Oriol and Graves, Alex and Kavukcuoglu, Koray},
  booktitle={International Conference on Machine Learning},
  pages={1771--1779},
  year={2017}
}

@inproceedings{kalchbrenner2018efficient,
  title={Efficient Neural Audio Synthesis},
  author={Kalchbrenner, Nal and Elsen, Erich and Simonyan, Karen and Noury, Seb and Casagrande, Norman and Lockhart, Edward and Stimberg, Florian and Oord, Aaron van den and Dieleman, Sander and Kavukcuoglu, Koray},
  booktitle={International Conference on Machine Learning},
  pages={2410--2419},
  year={2018}
}

@inproceedings{karras2018progressive,
  title={Progressive Growing of {GAN}s for Improved Quality, Stability, and Variation},
  author={Tero Karras and Timo Aila and Samuli Laine and Jaakko Lehtinen},
  booktitle={International Conference on Learning Representations},
  year={2018}
}

@inproceedings{karras2019style,
  title={A style-based generator architecture for generative adversarial networks},
  author={Karras, Tero and Laine, Samuli and Aila, Timo},
  booktitle={Proceedings of the IEEE Conference on Computer Vision and Pattern Recognition},
  pages={4401--4410},
  year={2019}
}

@article{karras2020training,
  title={Training Generative Adversarial Networks with Limited Data},
  author={Tero Karras and Miika Aittala and Janne Hellsten and Samuli Laine and Jaakko Lehtinen and Timo Aila},
  journal={arXiv preprint arXiv:2006.06676v1},
  year={2020}
}

@article{kingma2013auto,
  title={Auto-encoding variational {B}ayes},
  author={Kingma, Diederik P and Welling, Max},
  journal={arXiv preprint arXiv:1312.6114},
  year={2013}
}

@inproceedings{kingma2014adam,
  title={Adam: A method for stochastic optimization},
  author={Kingma, Diederik P and Ba, Jimmy},
  booktitle={International Conference on Learning Representations},
  year={2015}
}

@inproceedings{kingma2018glow,
  title={Glow: Generative flow with invertible 1x1 convolutions},
  author={Kingma, Diederik P and Dhariwal, Prafulla},
  booktitle={Advances in Neural Information Processing Systems},
  pages={10215--10224},
  year={2018}
}

@inproceedings{kingma2016improved,
  title={Improved variational inference with inverse autoregressive flow},
  author={Kingma, Diederik P and Salimans, Tim and Jozefowicz, Rafal and Chen, Xi and Sutskever, Ilya and Welling, Max},
  booktitle={Advances in Neural Information Processing Systems},
  pages={4743--4751},
  year={2016}
}

@inproceedings{kingma2019bitswap,
  title={Bit-Swap: Recursive Bits-Back Coding for Lossless Compression with Hierarchical Latent Variables},
  author={Kingma, Friso H and Abbeel, Pieter and Ho, Jonathan},
  booktitle={International Conference on Machine Learning},
  year={2019}
}

@article{kitani2012activity,
  title={Activity forecasting},
  author={Kitani, Kris and Ziebart, Brian and Bagnell, James and Hebert, Martial},
  journal={ECCV},
  pages={201--214},
  year={2012},
  publisher={Springer}
}

@inproceedings{klein2012inverse,
  title={Inverse reinforcement learning through structured classification},
  author={Klein, Edouard and Geist, Matthieu and Piot, Bilal and Pietquin, Olivier},
  booktitle={Advances in Neural Information Processing Systems},
  pages={1007--1015},
  year={2012}
}

@phdthesis{kraft1949device,
  title={A device for quantizing, grouping, and coding amplitude-modulated pulses},
  author={Kraft, Leon Gordon},
  year={1949},
  school={Massachusetts Institute of Technology}
}

@article{kumar2019videoflow,
  title={{VideoFlow}: A Flow-Based Generative Model for Video},
  author={Kumar, Manoj and Babaeizadeh, Mohammad and Erhan, Dumitru and Finn, Chelsea and Levine, Sergey and Dinh, Laurent and Kingma, Durk},
  journal={arXiv preprint arXiv:1903.01434},
  year={2019}
}

@inproceedings{larochelle2011neural,
  title={The neural autoregressive distribution estimator},
  author={Larochelle, Hugo and Murray, Iain},
  booktitle={Proceedings of the Fourteenth International Conference on Artificial Intelligence and Statistics},
  pages={29--37},
  year={2011}
}

@inproceedings{lawson2019energy,
  title={Energy-Inspired Models: Learning with Sampler-Induced Distributions},
  author={Lawson, John and Tucker, George and Dai, Bo and Ranganath, Rajesh},
  booktitle={Advances in Neural Information Processing Systems},
  pages={8501--8513},
  year={2019}
}

@inproceedings{levine2011nonlinear,
  title={Nonlinear inverse reinforcement learning with gaussian processes},
  author={Levine, Sergey and Popovic, Zoran and Koltun, Vladlen},
  booktitle={Advances in Neural Information Processing Systems},
  pages={19--27},
  year={2011}
}

@inproceedings{levine2012continuous,
  title={Continuous Inverse Optimal Control with Locally Optimal Examples},
  author={Levine, Sergey and Koltun, Vladlen},
  booktitle={International Conference on Machine Learning},
  pages={41--48},
  year={2012}
}

@inproceedings{levine2014learning,
  title={Learning neural network policies with guided policy search under unknown dynamics},
  author={Levine, Sergey and Abbeel, Pieter},
  booktitle={Advances in Neural Information Processing Systems},
  pages={1071--1079},
  year={2014}
}

@inproceedings{
  levy2018generalizing,
  title={Generalizing {H}amiltonian {M}onte {C}arlo with Neural Networks},
  author={Daniel Levy and Matt D. Hoffman and Jascha Sohl-Dickstein},
  booktitle={International Conference on Learning Representations},
  year={2018}
}

@inproceedings{li2017infogail,
  title={{InfoGAIL}: Interpretable imitation learning from visual demonstrations},
  author={Li, Yunzhu and Song, Jiaming and Ermon, Stefano},
  booktitle={Advances in Neural Information Processing Systems},
  pages={3812--3822},
  year={2017}
}

@inproceedings{louizos2017multiplicative,
  title={Multiplicative Normalizing Flows for Variational {B}ayesian Neural Networks},
  author={Louizos, Christos and Welling, Max},
  booktitle={International Conference on Machine Learning},
  pages={2218--2227},
  year={2017}
}

@inproceedings{maaloe2019biva,
  title={{BIVA}: A very deep hierarchy of latent variables for generative modeling},
  author={Maal{\o}e, Lars and Fraccaro, Marco and Li{\'e}vin, Valentin and Winther, Ole},
  booktitle={Advances in Neural Information Processing Systems},
  pages={6548--6558},
  year={2019}
}

@article{mcmillan1956two,
  title={Two inequalities implied by unique decipherability},
  author={McMillan, Brockway},
  journal={IRE Transactions on Information Theory},
  volume={2},
  number={4},
  pages={115--116},
  year={1956},
  publisher={IEEE}
}

@inproceedings{menick2018generating,
  title={Generating High Fidelity Images with Subscale Pixel Networks and Multidimensional Upscaling},
  author={Menick, Jacob and Kalchbrenner, Nal},
  booktitle={International Conference on Learning Representations},
  year={2019},
}

@article{mentzer2018practical,
  title={Practical Full Resolution Learned Lossless Image Compression},
  author={Mentzer, Fabian and Agustsson, Eirikur and Tschannen, Michael and Timofte, Radu and Van Gool, Luc},
  journal={arXiv preprint arXiv:1811.12817},
  year={2018}
}

@incollection{millar1983minimax,
  title={The minimax principle in asymptotic statistical theory},
  author={Millar, P Warwick},
  booktitle={Ecole dâ€™Et{\'e} de Probabilit{\'e}s de Saint-Flour XIâ€”1981},
  pages={75--265},
  year={1983},
  publisher={Springer}
}

@inproceedings{mishra2018simple,
 title = "A Simple Neural Attentive Meta-Learner",
 author = "Mishra, Nikhil and Rohaninejad, Mostafa and Chen, Xi and Abbeel, Pieter",
 booktitle = "International Conference on Learning Representations",
 year = "2018"
}

@inproceedings{miyato2018spectral,
  title={Spectral Normalization for Generative Adversarial Networks},
  author={Takeru Miyato and Toshiki Kataoka and Masanori Koyama and Yuichi Yoshida},
  booktitle={International Conference on Learning Representations},
  year={2018}
}

@techreport{moore1990efficient,
  title={Efficient memory-based learning for robot control},
  author={Moore, Andrew William},
  year={1990},
  institution={University of Cambridge, Computer Laboratory}
}

@article{muller2018neural,
  title={Neural importance sampling},
  author={M{\"u}ller, Thomas and McWilliams, Brian and Rousselle, Fabrice and Gross, Markus and Nov{\'a}k, Jan},
  journal={arXiv preprint arXiv:1808.03856},
  year={2018}
}

@article{nichol2020vq,
  title={{VQ-DRAW}: A Sequential Discrete {VAE}},
  author={Nichol, Alex},
  journal={arXiv preprint arXiv:2003.01599},
  year={2020}
}

@inproceedings{ng2000algorithms,
  title={Algorithms for inverse reinforcement learning},
  author={Ng, Andrew Y and Russell, Stuart},
  booktitle={International Conference on Machine Learning},
  year={2000}
}

@article{nguyen2009surrogate,
  title={On surrogate loss functions and f-divergences},
  author={Nguyen, XuanLong and Wainwright, Martin J and Jordan, Michael I},
  journal={The Annals of Statistics},
  pages={876--904},
  year={2009},
  publisher={JSTOR}
}

@article{nijkamp2019anatomy,
  title={On the anatomy of {MCMC}-based maximum likelihood learning of energy-based models},
  author={Nijkamp, Erik and Hill, Mitch and Han, Tian and Zhu, Song-Chun and Wu, Ying Nian},
  journal={arXiv preprint arXiv:1903.12370},
  year={2019}
}

@inproceedings{nijkamp2019learning,
  title={Learning non-convergent non-persistent short-run {MCMC} toward energy-based model},
  author={Nijkamp, Erik and Hill, Mitch and Zhu, Song-Chun and Wu, Ying Nian},
  booktitle={Advances in Neural Information Processing Systems},
  pages={5233--5243},
  year={2019}
}

@inproceedings{oord2016conditional,
  title={Conditional image generation with {PixelCNN} decoders},
  author={van den Oord, Aaron and Kalchbrenner, Nal and Vinyals, Oriol and Espeholt, Lasse and Graves, Alex and Kavukcuoglu, Koray},
  booktitle={Advances in Neural Information Processing Systems},
  pages={4790--4798},
  year={2016}
}

@article{oord2016pixel,
  title={Pixel recurrent neural networks},
  author={van den Oord, Aaron and Kalchbrenner, Nal and Kavukcuoglu, Koray},
  journal={International Conference on Machine Learning},
  year={2016}
}

@article{oord2016wavenet,
  title={{WaveNet}: A Generative Model for Raw Audio},
  author={van den Oord, Aaron and Dieleman, Sander and Zen, Heiga and Simonyan, Karen and Vinyals, Oriol and Graves, Alex and Kalchbrenner, Nal and Senior, Andrew and Kavukcuoglu, Koray},
  journal={arXiv preprint arXiv:1609.03499},
  year={2016}
}

@article{osa2018algorithmic,
  title={An Algorithmic Perspective on Imitation Learning},
  author={Osa, Takayuki and Pajarinen, Joni and Neumann, Gerhard and Bagnell, J Andrew and Abbeel, Pieter and Peters, Jan},
  journal={Foundations and Trends in Robotics},
  volume={7},
  number={1-2},
  pages={1--179},
  year={2018},
  publisher={Now Publishers}
}

@inproceedings{ostrovski2018autoregressive,
  title={Autoregressive Quantile Networks for Generative Modeling},
  author={Ostrovski, Georg and Dabney, Will and Munos, Remi},
  booktitle={International Conference on Machine Learning},
  pages={3936--3945},
  year={2018}
}

@inproceedings{papamakarios2017masked,
  title={Masked autoregressive flow for density estimation},
  author={Papamakarios, George and Pavlakou, Theo and Murray, Iain},
  booktitle={Advances in Neural Information Processing Systems},
  pages={2338--2347},
  year={2017}
}

@article{papamakarios2019normalizing,
  title={Normalizing Flows for Probabilistic Modeling and Inference},
  author={Papamakarios, George and Nalisnick, Eric and Rezende, Danilo Jimenez and Mohamed, Shakir and Lakshminarayanan, Balaji},
  journal={arXiv preprint arXiv:1912.02762},
  year={2019}
}

@inproceedings{parmar2018image,
  title={Image Transformer},
  author={Parmar, Niki and Vaswani, Ashish and Uszkoreit, Jakob and Kaiser, {\L}ukasz and Shazeer, Noam and Ku, Alexander and Tran, Dustin},
  booktitle={International Conference on Machine Learning},
  pages={4055--4064},
  year={2018}
}

@article{peng2018deepmimic,
  title={{DeepMimic}: Example-guided deep reinforcement learning of physics-based character skills},
  author={Peng, Xue Bin and Abbeel, Pieter and Levine, Sergey and van de Panne, Michiel},
  journal={ACM Transactions on Graphics (TOG)},
  volume={37},
  number={4},
  pages={1--14},
  year={2018},
  publisher={ACM New York, NY, USA}
}

@inproceedings{peng2018variational,
  title={Variational Discriminator Bottleneck: Improving Imitation Learning, Inverse {RL}, and {GAN}s by Constraining Information Flow},
  author={Xue Bin Peng and Angjoo Kanazawa and Sam Toyer and Pieter Abbeel and Sergey Levine},
  booktitle={International Conference on Learning Representations},
  year={2019}
}

@inproceedings{pirotta2016inverse,
  title={Inverse Reinforcement Learning through Policy Gradient Minimization},
  author={Pirotta, Matteo and Restelli, Marcello},
  booktitle={Thirtieth AAAI Conference on Artificial Intelligence},
  year={2016}
}

@article{pomerleau1991efficient,
  title={Efficient training of artificial neural networks for autonomous navigation},
  author={Pomerleau, Dean A},
  journal={Neural Computation},
  volume={3},
  number={1},
  pages={88--97},
  year={1991},
  publisher={MIT Press}
}

@inproceedings{prenger2019waveglow,
  title={{WaveGlow}: A flow-based generative network for speech synthesis},
  author={Prenger, Ryan and Valle, Rafael and Catanzaro, Bryan},
  booktitle={ICASSP 2019-2019 IEEE International Conference on Acoustics, Speech and Signal Processing (ICASSP)},
  pages={3617--3621},
  year={2019},
  organization={IEEE}
}

@book{puterman2014markov,
  title={Markov decision processes: discrete stochastic dynamic programming},
  author={Puterman, Martin L},
  year={2014},
  publisher={John Wiley \& Sons}
}

@article{ramachandran2017fast,
  title={Fast generation for convolutional autoregressive models},
  author={Ramachandran, Prajit and Paine, Tom Le and Khorrami, Pooya and Babaeizadeh, Mohammad and Chang, Shiyu and Zhang, Yang and Hasegawa-Johnson, Mark A and Campbell, Roy H and Huang, Thomas S},
  journal={arXiv preprint arXiv:1704.06001},
  year={2017}
}

@inproceedings{ratliff2006maximum,
  title={Maximum margin planning},
  author={Ratliff, Nathan D and Bagnell, J Andrew and Zinkevich, Martin A},
  booktitle={International Conference on Machine Learning},
  year={2006}
}

@article{ratliff2009learning,
  title={Learning to search: Functional gradient techniques for imitation learning},
  author={Ratliff, Nathan D and Silver, David and Bagnell, J Andrew},
  journal={Autonomous Robots},
  volume={27},
  number={1},
  pages={25--53},
  year={2009},
  publisher={Springer}
}

@inproceedings{razavi2019generating,
  title={Generating diverse high-fidelity images with {VQ-VAE-2}},
  author={Razavi, Ali and van den Oord, Aaron and Vinyals, Oriol},
  booktitle={Advances in Neural Information Processing Systems},
  pages={14837--14847},
  year={2019}
}

@inproceedings{reed2017parallel,
  title={Parallel Multiscale Autoregressive Density Estimation},
  author={Reed, Scott and van den Oord, A{\"a}ron and Kalchbrenner, Nal and Colmenarejo, Sergio G{\'o}mez and Wang, Ziyu and Chen, Yutian and Belov, Dan and Freitas, Nando},
  booktitle={International Conference on Machine Learning},
  pages={2912--2921},
  year={2017}
}

@inproceedings{rezende2014stochastic,
  title={Stochastic Backpropagation and Approximate Inference in Deep Generative Models},
  author={Rezende, Danilo Jimenez and Mohamed, Shakir and Wierstra, Daan},
  booktitle={International Conference on Machine Learning},
  pages={1278--1286},
  year={2014}
}

@inproceedings{rezende2015variational,
  title={Variational Inference with Normalizing Flows},
  author={Rezende, Danilo and Mohamed, Shakir},
  booktitle={International Conference on Machine Learning},
  pages={1530--1538},
  year={2015}
}

@inproceedings{rippel2017real,
  title={Real-time adaptive image compression},
  author={Rippel, Oren and Bourdev, Lubomir},
  booktitle={International Conference on Machine Learning},
  pages={2922--2930},
  year={2017},
  organization={JMLR. org}
}

@article{rissanen1976generalized,
  title={Generalized {K}raft inequality and arithmetic coding},
  author={Rissanen, Jorma J},
  journal={IBM Journal of research and development},
  volume={20},
  number={3},
  pages={198--203},
  year={1976},
  publisher={IBM}
}

@inproceedings{ronneberger2015unet,
  title={{U-Net}: Convolutional networks for biomedical image segmentation},
  author={Ronneberger, Olaf and Fischer, Philipp and Brox, Thomas},
  booktitle={International Conference on Medical Image Computing and Computer-Assisted Intervention},
  pages={234--241},
  year={2015},
  organization={Springer}
}

@inproceedings{ross2010efficient,
  title={Efficient reductions for imitation learning},
  author={Ross, St{\'e}phane and Bagnell, Drew},
  booktitle={AISTATS},
  pages={661--668},
  year={2010}
}

@inproceedings{ross2011reduction,
  title={A Reduction of Imitation Learning and Structured Prediction to No-Regret Online Learning},
  author={Ross, St{\'e}phane and Gordon, Geoffrey J and Bagnell, Drew},
  booktitle={AISTATS},
  pages={627--635},
  year={2011}
}

@inproceedings{russell1998learning,
  title={Learning agents for uncertain environments},
  author={Russell, Stuart},
  booktitle={Proceedings of the Eleventh Annual Conference on Computational Learning Theory},
  pages={101--103},
  year={1998},
  organization={ACM}
}

@inproceedings{salimans2015markov,
  title={{Markov Chain Monte Carlo} and variational inference: Bridging the gap},
  author={Salimans, Tim and Kingma, Diederik and Welling, Max},
  booktitle={International Conference on Machine Learning},
  pages={1218--1226},
  year={2015}
}

@inproceedings{salimans2016improved,
  title={Improved techniques for training gans},
  author={Salimans, Tim and Goodfellow, Ian and Zaremba, Wojciech and Cheung, Vicki and Radford, Alec and Chen, Xi},
  booktitle={Advances in Neural Information Processing Systems},
  pages={2234--2242},
  year={2016}
}

@inproceedings{salimans2016weight,
  title={Weight normalization: A simple reparameterization to accelerate training of deep neural networks},
  author={Salimans, Tim and Kingma, Durk P},
  booktitle={Advances in Neural Information Processing Systems},
  pages={901--909},
  year={2016}
}

@inproceedings{salimans2017pixelcnn++,
  title={Pixel{CNN}++: Improving the {PixelCNN} with discretized logistic mixture likelihood and other modifications},
  author={Salimans, Tim and Karpathy, Andrej and Chen, Xi and Kingma, Diederik P},
  booktitle={International Conference on Learning Representations},
  year={2017}
}

@inproceedings{sammut1992learning,
  title={Learning to fly},
  author={Sammut, Claude and Hurst, Scott and Kedzier, Dana and Michie, Donald},
  booktitle={Proceedings of the Ninth International Workshop on Machine Learning},
  pages={385--393},
  year={1992}
}

@article{schulman2015high,
  title={High-dimensional continuous control using generalized advantage estimation},
  author={Schulman, John and Moritz, Philipp and Levine, Sergey and Jordan, Michael and Abbeel, Pieter},
  journal={arXiv preprint arXiv:1506.02438},
  year={2015}
}

@inproceedings{schulman2015trust,
  title={Trust Region Policy Optimization},
  author={Schulman, John and Levine, Sergey and Abbeel, Pieter and Jordan, Michael and Moritz, Philipp},
  booktitle={International Conference on Machine Learning},
  pages={1889--1897},
  year={2015}
}

@inproceedings{sohl2015deep,
  title={Deep Unsupervised Learning using Nonequilibrium Thermodynamics},
  author={Sohl-Dickstein, Jascha and Weiss, Eric and Maheswaranathan, Niru and Ganguli, Surya},
  booktitle={International Conference on Machine Learning},
  pages={2256--2265},
  year={2015}
}

@inproceedings{song2018multi,
  title={Multi-agent generative adversarial imitation learning},
  author={Song, Jiaming and Ren, Hongyu and Sadigh, Dorsa and Ermon, Stefano},
  booktitle={Advances in Neural Information Processing Systems},
  pages={7461--7472},
  year={2018}
}

@inproceedings{song2019generative,
  title={Generative modeling by estimating gradients of the data distribution},
  author={Song, Yang and Ermon, Stefano},
  booktitle={Advances in Neural Information Processing Systems},
  pages={11895--11907},
  year={2019}
}

@article{song2020improved,
  title={Improved Techniques for Training Score-Based Generative Models},
  author={Song, Yang and Ermon, Stefano},
  journal={arXiv preprint arXiv:2006.09011},
  year={2020}
}

@article{song2020discriminator,
  title={Discriminator Contrastive Divergence: Semi-Amortized Generative Modeling by Exploring Energy of the Discriminator},
  author={Song, Yuxuan and Ye, Qiwei and Xu, Minkai and Liu, Tie-Yan},
  journal={arXiv preprint arXiv:2004.01704},
  year={2020}
}

@inproceedings{syed2007game,
  title={A game-theoretic approach to apprenticeship learning},
  author={Syed, Umar and Schapire, Robert E.},
  booktitle={Advances in Neural Information Processing Systems},
  pages={1449--1456},
  year={2007}
}

@inproceedings{syed2008apprenticeship,
  title={Apprenticeship learning using linear programming},
  author={Syed, Umar and Bowling, Michael and Schapire, Robert E.},
  booktitle={International Conference on Machine Learning},
  pages={1032--1039},
  year={2008},
}

@inproceedings{theis2016note,
  title={A note on the evaluation of generative models},
  author={Theis, Lucas and van den Oord, AÃ¤ron and Bethge, Matthias},
  booktitle={International Conference on Learning Representations},
  pages={1--10},
  year={2016}
}

@inproceedings{theis2017lossy,
  title={Lossy image compression with compressive autoencoders},
  author={Theis, Lucas and Shi, Wenzhe and Cunningham, Andrew and Husz{\'a}r, Ferenc},
  booktitle={International Conference on Learning Representations},
  year={2017}
}

@inproceedings{todorov2012mujoco,
  title={MuJoCo: A physics engine for model-based control},
  author={Todorov, Emanuel and Erez, Tom and Tassa, Yuval},
  booktitle={Intelligent Robots and Systems (IROS), 2012 IEEE/RSJ International Conference on},
  pages={5026--5033},
  year={2012},
  organization={IEEE}
}

@inproceedings{townsend2018practical,
  title={Practical lossless compression with latent variables using bits back coding},
  author={James Townsend and Thomas Bird and David Barber},
  booktitle={International Conference on Learning Representations},
  year={2019}
}

@inproceedings{townsend2020hilloc,
title={{HiLLoC}: lossless image compression with hierarchical latent variable models},
author={James Townsend and Thomas Bird and Julius Kunze and David Barber},
booktitle={International Conference on Learning Representations},
year={2020}
}

@inproceedings{uria2013rnade,
  title={{RNADE}: The real-valued neural autoregressive density-estimator},
  author={Uria, Benigno and Murray, Iain and Larochelle, Hugo},
  booktitle={Advances in Neural Information Processing Systems},
  pages={2175--2183},
  year={2013}
}

@article{uria2016neural,
  title={Neural autoregressive distribution estimation},
  author={Uria, Benigno and C{\^o}t{\'e}, Marc-Alexandre and Gregor, Karol and Murray, Iain and Larochelle, Hugo},
  journal={The Journal of Machine Learning Research},
  volume={17},
  number={1},
  pages={7184--7220},
  year={2016},
  publisher={JMLR. org}
}

@inproceedings{van2018sylvester,
  title={Sylvester normalizing flows for variational inference},
  author={Van Den Berg, Rianne and Hasenclever, Leonard and Tomczak, Jakub M and Welling, Max},
  booktitle={34th Conference on Uncertainty in Artificial Intelligence 2018, UAI 2018},
  pages={393--402},
  year={2018},
  organization={Association For Uncertainty in Artificial Intelligence (AUAI)}
}

@inproceedings{vaswani2017attention,
  title={Attention is all you need},
  author={Vaswani, Ashish and Shazeer, Noam and Parmar, Niki and Uszkoreit, Jakob and Jones, Llion and Gomez, Aidan N and Kaiser, {\L}ukasz and Polosukhin, Illia},
  booktitle={Advances in Neural Information Processing Systems},
  pages={5998--6008},
  year={2017}
}

@article{vincent2011connection,
  title={A connection between score matching and denoising autoencoders},
  author={Vincent, Pascal},
  journal={Neural Computation},
  volume={23},
  number={7},
  pages={1661--1674},
  year={2011},
  publisher={MIT Press}
}

@article{wallace1968information,
  title={An information measure for classification},
  author={Wallace, Christopher S and Boulton, David M},
  journal={The Computer Journal},
  volume={11},
  number={2},
  pages={185--194},
  year={1968},
  publisher={The British Computer Society}
}

@inproceedings{wang2018non,
  title={Non-local neural networks},
  author={Wang, Xiaolong and Girshick, Ross and Gupta, Abhinav and He, Kaiming},
  booktitle={Proceedings of the IEEE Conference on Computer Vision and Pattern Recognition},
  pages={7794--7803},
  year={2018}
}

@article{weissenborn2019scaling,
  title={Scaling autoregressive video models},
  author={Weissenborn, Dirk and T{\"a}ckstr{\"o}m, Oscar and Uszkoreit, Jakob},
  journal={arXiv preprint arXiv:1906.02634},
  year={2019}
}

@article{wiggers2020predictive,
  title={Predictive Sampling with Forecasting Autoregressive Models},
  author={Wiggers, Auke J and Hoogeboom, Emiel},
  journal={arXiv preprint arXiv:2002.09928},
  year={2020}
}

@inproceedings{wu2018group,
  title={Group normalization},
  author={Wu, Yuxin and He, Kaiming},
  booktitle={Proceedings of the European Conference on Computer Vision (ECCV)},
  pages={3--19},
  year={2018}
}

@article{wu2020stochastic,
  title={Stochastic Normalizing Flows},
  author={Wu, Hao and K{\"o}hler, Jonas and No{\'e}, Frank},
  journal={arXiv preprint arXiv:2002.06707},
  year={2020}
}

@article{yu15lsun,
  title={{LSUN}: Construction of a Large-scale Image Dataset using Deep Learning with Humans in the Loop},
  author={Yu, Fisher and Zhang, Yinda and Song, Shuran and Seff, Ari and Xiao, Jianxiong},
  journal={arXiv preprint arXiv:1506.03365},
  year={2015}
}

@article{zagoruyko2016wide,
  title={Wide residual networks},
  author={Zagoruyko, Sergey and Komodakis, Nikos},
  journal={arXiv preprint arXiv:1605.07146},
  year={2016}
}

@inproceedings{ziebart2008maximum,
 author = {Ziebart, Brian D. and Maas, Andrew and Bagnell, J. Andrew and Dey, Anind K.},
 title = {Maximum Entropy Inverse Reinforcement Learning},
 booktitle = {AAAI},
 series = {AAAI'08},
 year = {2008}
} 

@inproceedings{ziebart2009planning,
  title={Planning-based prediction for pedestrians},
  author={Ziebart, Brian D and Ratliff, Nathan and Gallagher, Garratt and Mertz, Christoph and Peterson, Kevin and Bagnell, J Andrew and Hebert, Martial and Dey, Anind K and Srinivasa, Siddhartha},
  booktitle={IROS},
  year={2009},
  organization={IEEE}
}

@inproceedings{ziebart2010modeling,
  title={Modeling Interaction via the Principle of Maximum Causal Entropy},
  author = {Ziebart, Brian D. and Bagnell, J. Andrew and Dey, Anind K.},
  booktitle={International Conference on Machine Learning},
  pages={1255--1262},
  year={2010}
}

@inproceedings{wang2019cnngenerated,
  title={CNN-generated images are surprisingly easy to spot...for now},
  author={Wang, Sheng-Yu and Wang, Oliver and Zhang, Richard and Owens, Andrew and Efros, Alexei A},
  booktitle={Proceedings of the IEEE Conference on Computer Vision and Pattern Recognition},
  year={2020}
}

@inproceedings{karras2019analyzing,
  title={Analyzing and improving the image quality of {StyleGAN}},
  author={Karras, Tero and Laine, Samuli and Aittala, Miika and Hellsten, Janne and Lehtinen, Jaakko and Aila, Timo},
  booktitle={Proceedings of the IEEE/CVF Conference on Computer Vision and Pattern Recognition},
  pages={8110--8119},
  year={2020}
}

@incollection{huang2018introvae,
title = {IntroVAE: Introspective Variational Autoencoders for Photographic Image Synthesis},
author = {Huang, Huaibo and li, zhihang and He, Ran and Sun, Zhenan and Tan, Tieniu},
booktitle = {Advances in Neural Information Processing Systems 31},
editor = {S. Bengio and H. Wallach and H. Larochelle and K. Grauman and N. Cesa-Bianchi and R. Garnett},
pages = {52--63},
year = {2018},
publisher = {Curran Associates, Inc.},
url = {http://papers.nips.cc/paper/7291-introvae-introspective-variational-autoencoders-for-photographic-image-synthesis.pdf}
}

@inproceedings{lin2019cocogan,
  author    = {Lin, Chieh Hubert and
               Chang, Chia{-}Che and
               Chen, Yu{-}Sheng and
               Juan, Da{-}Cheng and
               Wei, Wei and
               Chen, Hwann{-}Tzong},
  title     = {{COCO-GAN:} Generation by Parts via Conditional Coordinating},
  booktitle = {IEEE International Conference on Computer Vision (ICCV)},
  year      = {2019},
}

@inproceedings{song2017nice,
  title={A-{NICE}-{MC}: Adversarial training for {MCMC}},
  author={Song, Jiaming and Zhao, Shengjia and Ermon, Stefano},
  booktitle={Advances in Neural Information Processing Systems},
  pages={5140--5150},
  year={2017}
}

@inproceedings{xie2016theory,
  title={A theory of generative convnet},
  author={Xie, Jianwen and Lu, Yang and Zhu, Song-Chun and Wu, Yingnian},
  booktitle={International Conference on Machine Learning},
  pages={2635--2644},
  year={2016}
}

@inproceedings{xie2017synthesizing,
  title={Synthesizing dynamic patterns by spatial-temporal generative convnet},
  author={Xie, Jianwen and Zhu, Song-Chun and Nian Wu, Ying},
  booktitle={Proceedings of the IEEE Conference on Computer Vision and Pattern Recognition},
  pages={7093--7101},
  year={2017}
}
@article{xie2019learning,
  title={Learning energy-based spatial-temporal generative convnets for dynamic patterns},
  author={Xie, Jianwen and Zhu, Song-Chun and Wu, Ying Nian},
  journal={IEEE Transactions on Pattern Analysis and Machine Intelligence},
  year={2019},
  publisher={IEEE}
}
@inproceedings{xie2018learning,
  title={Learning descriptor networks for 3D shape synthesis and analysis},
  author={Xie, Jianwen and Zheng, Zilong and Gao, Ruiqi and Wang, Wenguan and Zhu, Song-Chun and Nian Wu, Ying},
  booktitle={Proceedings of the IEEE Conference on Computer Vision and Pattern Recognition},
  pages={8629--8638},
  year={2018}
}