@String(PAMI  = {IEEE TPAMI})
@String(IJCV  = {IJCV})
@String(CVPR  = {CVPR})
@String(ICCV  = {ICCV})
@String(ECCV  = {ECCV})
@String(NIPS  = {NeurIPS})
@String(ICPR  = {ICPR})
@String(BMVC  =	{BMVC})
@String(TOG   = {ACM TOG})
@String(TIP   = {IEEE TIP})
@String(TVCG  = {IEEE TVCG})
@String(TCSVT = {IEEE TCSVT})
@String(TMM   =	{IEEE TMM})
@String(ACMMM = {ACM MM})
@String(ICME  =	{ICME})
@String(ICASSP=	{ICASSP})
@String(ICIP  = {ICIP})
@String(ACCV  = {ACCV})
@String(ICLR  = {ICLR})
@String(IJCAI = {IJCAI})
@String(PR = {PR})
@String(AAAI = {AAAI})
@String(CVPRW= {CVPRW})
@String(CSVT = {IEEE TCSVT})


@String(PAMI = {IEEE Trans. Pattern Anal. Mach. Intell.})
@String(IJCV = {Int. J. Comput. Vis.})
@String(CVPR= {IEEE Conf. Comput. Vis. Pattern Recog.})
@String(ICCV= {Int. Conf. Comput. Vis.})
@String(ECCV= {Eur. Conf. Comput. Vis.})
@String(NIPS= {Adv. Neural Inform. Process. Syst.})
@String(ICPR = {Int. Conf. Pattern Recog.})
@String(BMVC= {Brit. Mach. Vis. Conf.})
@String(TOG= {ACM Trans. Graph.})
@String(TIP  = {IEEE Trans. Image Process.})
@String(TVCG  = {IEEE Trans. Vis. Comput. Graph.})
@String(TMM  = {IEEE Trans. Multimedia})
@String(ACMMM= {ACM Int. Conf. Multimedia})
@String(ICME = {Int. Conf. Multimedia and Expo})
@String(ICASSP=	{ICASSP})
@String(ICIP = {IEEE Int. Conf. Image Process.})
@String(ACCV  = {ACCV})
@String(ICLR = {Int. Conf. Learn. Represent.})
@String(IJCAI = {IJCAI})
@String(PR   = {Pattern Recognition})
@String(AAAI = {AAAI})
@String(CVPRW= {IEEE Conf. Comput. Vis. Pattern Recog. Worksh.})
@String(CSVT = {IEEE Trans. Circuit Syst. Video Technol.})

@String(SPL	= {IEEE Sign. Process. Letters})
@String(VR   = {Vis. Res.})
@String(JOV	 = {J. Vis.})
@String(TVC  = {The Vis. Comput.})
@String(JCST  = {J. Comput. Sci. Tech.})
@String(CGF  = {Comput. Graph. Forum})
@String(CVM = {Computational Visual Media})


% A. Babenko, A. Slesarev, A. Chigorin and V. Lempitsky. Neural Codes for Image Retrieval, European Conference on Computer Vision (ECCV), Zurich, 2014

@inproceedings{Babenko01,
author = {Babenko, Artem and Slesarev, Anton and Chigorin, Alexandr and Lempitsky, Victor},
year = {2014},
title = {{Neural Codes for Image Retrieval}},
 booktitle = {ECCV}
}

% H. Noh, A. Araujo, J. Sim, T. Weyand, and B. Han. Large Scale Image Retrieval with Attentive Deep Local Features. In Proc. ICCV, 2017.
@inproceedings{Noh01,
author = {Hyeonwoo Noh and Andre Araujo and  Jack Sim and Tobias Weyand and Bohyung Han},
title = {{Large Scale Image Retrieval with Attentive Deep Local Features}},
booktitle = {ICCV},
year = 2017
}

@inproceedings{Weyand01,
  author = {Tobias Weyand and Andre Araujo and Bingyi Cao and Jack Sim},
  title = {{Google Landmarks Dataset v2 - A Large-Scale Benchmark for Instance-Level Recognition and Retrieval}},
  year = 2020,
  booktitle = {CVPR}
}

% A. Babenko and V. Lempitsky. Aggregating Local Deep Features for Image Retrieval. In Proc. ICCV, 2015.

@inproceedings{Babenko03,
  author = {Artem Babenko and Victor Lempitsky},
  title = {{Aggregating Local Deep Features for Image Retrieval}},
  year = 2015,
  booktitle = {ICCV}
}

% A. Gordo, J. Almazan, J. Revaud, and D. Larlus, “Deep image retrieval: Learning global representations for image search,” in ECCV, 2016.

@inproceedings{Gordo00,
  author = {Albert Gordo and Jon Almazan and Jerome Revaud and Diane Larlus},
  title = {{Deep image retrieval: Learning global representations for image search}},
  year = 2016,
  booktitle = {ECCV}
}


@article{Gordo01,
 author = {Albert Gordo and Jon Almazan and Jerome Revaud and Diane Larlus},
 title = {End-to-end Learning of Deep Visual Representations for Image Retrieval},
 year = 2017,
 journal = {IJCV}
}

% D. Lowe. Distinctive Image Features from Scale-Invariant Keypoints. International booktitle of Computer Vision, 60(2),2004.

@inproceedings{Lowe01,
author = {David G. Lowe},
title = {Distinctive Image Features from Scale-Invariant Keypoints},
booktitle = {IJCV},
year = 2004
}

% F. Yang, R. Hinami, Y. Matsui, S. Ly, and S. Satoh. Efficient image retrieval via decoupling diffusion into online and offline processing. In AAAI, 2019

@inproceedings{Yang01,
author = {Fan Yang and Ryota Hinami and Yusuke Matsui and Steven Ly and Shin'ichi Satoh},
title = {{Efficient image retrieval via decoupling diffusion into online and offline processing}},
year = 2019,
booktitle = {AAAI}
}

% R. Arandjelovic and A. Zisserman. Three things everyone should know to improve object retrieval. In CVPR, pages 2911–2918, 2012.

@inproceedings{Arandjelovic02,
author = {Relja Arandjelović and Andrew Zisserman},
title = {{Three things everyone should know to improve object retrieval}},
booktitle = {CVPR},
year = 2012
}

% Tour the World: building a web-scale landmark recognition engine
@inproceedings{Zheng2009TourTW,
  title={{Tour the world: Building a web-scale landmark recognition engine}},
  author={Zheng, Yantao and Zhao, Ming and Song, Yang and Adam, Hartwig and Buddemeier, Ulrich and Bissacco, Alessandro and Brucher, Fernando and Chua, Tat-Seng and Neven, Hartmut},
  booktitle={CVPR},
  year={2009}
}

% Efficient Large-scale Image Search with a Vocabulary Tree
@inproceedings{Uriza01,
  title   = {{Efficient Large-scale Image Search with a Vocabulary Tree}},
  author  = {Esteban Uriza and Francisco Gómez Fernández and Martín Rais},
  booktitle = {Image Processing On Line},
  year    = {2018}
}

% Going deeper with convolutions
@inproceedings{Szegedy01,
  author={Christian Szegedy and Wei Liu and Yangqing Jia and Pierre Sermanet and Scott Reed and Dragomir Anguelov and Dumitru Erhan and Vincent Vanhoucke and Andrew Rabinovich},
  booktitle={CVPR},
  title={{Going deeper with convolutions}},
  year={2015}
  }

  % Squeeze-and-Excitation Networks
 @inproceedings{Hu01,
  author={Jie Hu and Li Shen and Samuel Albanie and Gang Sun and Enhua Wu},
  booktitle={CVPR},
  title={{Squeeze-and-Excitation Networks}},
  year={2018}
  }

% ECA-Net: Efficient Channel Attention for Deep Convolutional Neural Networks
@inproceedings{wang01,
   title={{ECA-Net: Efficient Channel Attention for Deep Convolutional Neural Networks}},
   author={Qilong Wang and Banggu Wu and Pengfei Zhu and Peihua Li and Wangmeng Zuo and Qinghua Hu},
   booktitle = {CVPR},
   year={2020}
 }


@inproceedings{woo01,
  title={{CBAM: Convolutional Block Attention Module}},
  author={Sanghyun Woo and Jongchan Park and Joon-Young Lee and In So Kweon},
  booktitle={ECCV},
  year={2018}
}

% Non-local Neural Networks
@inproceedings{Wang02,
  author={ Xiaolong Wang and Ross Girshick and Abhinav Gupta and Kaiming He },
  booktitle={CVPR},
  title={{Non-local Neural Networks}},
  year={2018}
  }


% Vaswani, A., Shazeer, N., Parmar, N., Uszkoreit, J., Jones, L., Gomez, A.N., Kaiser, L., Polosukhin, I.: Attention is all you need. In: NeurIPS (2017)
@inproceedings{Vaswani01,
  author={Ashish Vaswani and Noam Shazeer and Niki Parmar and Jakob Uszkoreit and Llion Jones and Aidan N. Gomez and Lukasz Kaiser and Illia Polosukhin},
  booktitle={NeurIPS},
  title={{Attention is all you need}},
  year={2017}
}


% EfficientDet: Scalable and Efficient Object Detection
@inproceedings{Tan01,
  author={Mingxing Tan and Ruoming Pang and Quoc V. Le},
  booktitle={CVPR},
  title={{EfficientDet: Scalable and Efficient Object Detection}},
  year={2020}
  }



%Radenovi´c, F., Tolias, G., Chum, O.: Fine-tuning CNN image retrieval with no human annotation. TPAMI (2018)
 @inproceedings{Radenovic01,
  author={Filip Radenović and Giorgos Tolias and Ondřej Chum },
  booktitle={TPAMI},
  title={{Fine-Tuning CNN Image Retrieval with No Human Annotation}},
  year={2019}
  }

% Yannis: THIS IS ARXIV, IT IS WRONG
  % . Babenko, A., Lempitsky, V.: Aggregating deep convolutional features for image retrieval. In: ICCV (2015)
@inproceedings{Babenko02,
  author={Artem Babenko and Victor Lempitsky},
  booktitle={ICCV},
  title={{Aggregating deep convolutional features for image retrieval}},
  year={2015}
  }


 % Kalantidis, Y., Mellina, C., Osindero, S.: Crossdimensional weighting for aggregated deep convolutional features. In: ECCV Workshops (2016)

 @inproceedings{Kalantidis01,
  author={Yannis Kalantidis and Clayton Mellina and Simon Osindero},
  booktitle={ECCV},
  title={{Crossdimensional weighting for aggregated deep convolutional features}},
  year={2016}
  }

  % Teichmann, M., Araujo, A., Zhu, M., Sim, J.: Detect-to-Retrieve: Efficient regional aggregation for image search. In: CVPR (2019)

@inproceedings{Teichmann01,
  author={Marvin Teichmann and Andre Araujo and Menglong Zhu and Jack Sim},
  booktitle={CVPR},
  title={Detect-to-Retrieve: Efficient regional aggregation for image search},
  year={2019}
  }

 % Tolias, G., Sicre, R., J´egou, H.: Particular object retrieval with integral maxpooling of CNN activations. In: ICLR (2016)

@inproceedings{ToliasSJ15,
  author    = {Giorgos Tolias and Ronan Sicre and Herv{\'{e}} J{\'{e}}gou},
  title     = {Particular object retrieval with integral max-pooling of {CNN} activations},
  booktitle = {ICLR},
  year      = {2016}
}


@inproceedings{Razavian2015VisualIR,
  title={{Visual Instance Retrieval with Deep Convolutional Networks}},
  author={Ali Sharif Razavian and Josephine Sullivan and Stefan Carlsson and Atsuto Maki},
  booktitle={CoRR},
  year={2015}
}

 % SOLAR: Second-Order Loss and Attention for Image Retrieval
@inproceedings{Ng01,
  title={{SOLAR: Second-Order Loss and Attention for Image Retrieval}},
  author={Tony Ng and Vassileios Balntas and Yurun Tian and Krystian Mikolajczyk},
  booktitle={ECCV},
  year={2020},
}

% Learned Contextual Feature Reweighting for Image Geo-Localization
@inproceedings{Kim01,
  author={Hyo Jin Kim and Enrique Dunn and Jan-Michael Frahm},
  booktitle={CVPR},
  title={{Learned Contextual Feature Reweighting for Image Geo-Localization}},
  year={2017}
  }

 % S. Yokoo, K. Ozaki, E. Simo-Serra, and S. Iizuka. Twostage Discriminative Re-ranking for Large-scale Landmark Retrieval. arXiv:2003.11211, 2020.

 @inproceedings{Yokoo01,
  author={Shuhei Yokoo and Kohei Ozaki and Edgar Simo-Serra and Satoshi Iizuka},
  booktitle={arXiv:2003.11211},
  title={{Two-stage Discriminative Re-ranking for Large-scale Landmark Retrieval}},
  year={2020}
}

% vcRevisiting Oxford and Paris: Large-Scale Image Retrieval Benchmarking
@inproceedings{RITAC18,
 author = {Filip Radenović and Ahmet Iscen and Giorgos Tolias and Yannis Avrithis and Ondřej Chum},
 title = {{Revisiting Oxford and Paris: Large-Scale Image Retrieval Benchmarking}},
 booktitle = {CVPR},
 year = {2018}
}


% R. Arandjelovic, P. Gronat, A. Torii, T. Pajdla, and J. Sivic. NetVLAD: CNN architecture for weakly supervised place recognition. In CVPR, 2016.

@inproceedings{Arandjelovic01,
 author = {Relja Arandjelović  and Petr Gronat and Akihiko Torii and Tomas Pajdla and Josef Sivic},
 title = {{NetVLAD: CNN architecture for weakly supervised place recognition}},
 booktitle = {CVPR},
 year = {2016}
}

% Gong Y, Wang L, Guo R, Lazebnik S (2014) Multi-scale orderless pooling of deep convolutional activation features. In: ECCV

% F. Radenovi\'{c}, G. Tolias, and O. Chum. CNN image retrieval learns from BoW: Unsupervised fine-tuning with hard examples. In ECCV, 2016.

@inproceedings{Radenovi01,
 author = {Filip Radenović and Giorgos Tolias and Ondřej Chum},
 title = {{CNN image retrieval learns from BoW: Unsupervised fine-tuning with hard examples}},
 booktitle = {ECCV},
 year = {2016}
}


% Philbin, J., Chum, O., Isard, M., Sivic, J., Zisserman, A.: Object retrieval with large vocabularies and fast spatial matching. In: CVPR (2007)

@inproceedings{Philbin01,
 author = {Philbin, James and Chum, Ondrej and Isard, Michael and Sivic, Josef and Zisserman, Andrew},
 title = {{Object retrieval with large vocabularies and fast spatial matching}},
 booktitle = {CVPR},
 year = {2007}
}

% Philbin, J., Chum, O., Isard, M., Sivic, J., Zisserman, A.: Lost in quantization:Improving particular object retrieval in large scale image databases. In: CVPR (2008)

@inproceedings{Philbin02,
 author = {Philbin, James and Chum, Ondrej and Isard, Michael and Sivic, Josef and Zisserman, Andrew},
 title = {{Lost in quantization:Improving particular object retrieval in large scale image databases}},
 booktitle = {CVPR},
 year = {2008}
}


% O. Russakovsky, J. Deng, H. Su, J. Krause, S. Satheesh, S. Ma, Z. Huang, A. Karpathy, A. Khosla, M. Bernstein, et al. ImageNet Large Scale Visual Recognition Challenge. International booktitle of Computer Vision, 115(3), 2015

@inproceedings{Russakovsky01,
 author = {Olga Russakovsky and Jia Deng and Hao Su and Jonathan Krause and Sanjeev Satheesh and Sean Ma and Zhiheng Huang and Andrej Karpathy and Aditya Khosla and Michael Bernstein and Alexander C. Berg and Li Fei-Fei},
 title = {{ImageNet Large Scale Visual Recognition Challenge}},
 booktitle = {International booktitle of Computer Vision},
 year = {2015}

}

% ArcFace: Additive Angular Margin Loss for Deep Face Recognition

@inproceedings{Deng01,
  author={Jiankang Deng and Jia Guo and Niannan Xue and Stefanos Zafeiriou},
  booktitle = {CVPR},
  title={{ArcFace: Additive Angular Margin Loss for Deep Face Recognition}},
  year={2019}
  }

  % K. He, X. Zhang, S. Ren, and J. Sun. Deep residual learning for image recognition. In CVPR, pages 770–778, 2016.

  @inproceedings{Zhang01,
  author={Kaiming He and Xiangyu Zhang and Shaoqing Ren and Jian Sun},
  booktitle = {CVPR},
  title={{Deep residual learning for image recognition}},
  year={2016}
  }

  % Diffusion Processes for Retrieval Revisited
  @inproceedings{Donoser01,
  author={Michael Donoser and Horst Bischof},
  booktitle={CVPR},
  title={{Diffusion Processes for Retrieval Revisited}},
  year={2013}
}


%Paszke, A., Gross, S., Massa, F., Lerer, A., Bradbury, J., Chanan, G., Killeen, T., Lin, Z., Gimelshein, N., Antiga, L., Desmaison, A., Kopf, A., Yang, E., DeVito, Z., Raison, M., Tejani, A., Chilamkurthy, S., Steiner, B., Fang, L., Bai, J., Chintala, S.: PyTorch: An imperative style, high-performance deep learning library. In: NeurIPS (2019)

@inproceedings{Paszke01,
  author={Adam Paszke and Sam Gross and Francisco Massa and Adam Lerer and James Bradbury and Gregory Chanan and Trevor Killeen and Zeming Lin and Natalia Gimelshein and Luca Antiga and Alban Desmaison and Andreas Köpf and Edward Yang and Zach DeVito and Martin Raison and Alykhan Tejani and Sasank Chilamkurthy and Benoit Steiner and Lu Fang and Junjie Bai and Soumith Chintala},
  booktitle={NeurIPS},
  title={{PyTorch: An imperative style, high-performance deep learning}},
  year={2019}
}

% "GCNet: Non-Local Networks Meet Squeeze-Excitation Networks and Beyond

@inproceedings{Cao01,
  author={Yue Cao and Jiarui Xu and Stephen Lin and Fangyun Wei and Han Hu},
  title={{GCNet: Non-Local Networks Meet Squeeze-Excitation Networks and Beyond}},
  year={2019},
  booktitle={ICCV}
  }

@inproceedings{ChenKLYF18,
  author    = {Yunpeng Chen and Yannis Kalantidis and Jianshu Li and Shuicheng Yan and Jiashi Feng},
  title     = {A{\^{}}2-Nets: Double Attention Networks},
  booktitle = {NeurIPS},
  year      = {2018}
}

@InProceedings{Gao_2019_CVPR,
author = {Gao, Zilin and Xie, Jiangtao and Wang, Qilong and Li, Peihua},
title = {Global Second-Order Pooling Convolutional Networks},
booktitle = {CVPR},
year = {2019}
}

@InProceedings{Bello_2019_ICCV,
  author = {Bello, Irwan and Zoph, Barret and Vaswani, Ashish and Shlens, Jonathon and Le, Quoc V.},
  title = {Attention Augmented Convolutional Networks},
  booktitle = {ICCV},
  year = {2019}
}

@inproceedings{zhao2020exploring,
  title={Exploring self-attention for image recognition},
  author={Zhao, Hengshuang and Jia, Jiaya and Koltun, Vladlen},
  booktitle={CVPR},
  year={2020}
}

@inproceedings{HuSASV18,
  author    = {Jie Hu and Li Shen and Samuel Albanie and Gang Sun and Andrea Vedaldi},
  title     = {Gather-Excite: Exploiting Feature Context in Convolutional Neural Networks},
  booktitle = {NeurIPS},
  year      = {2018}
}

@inproceedings{plotz2018neural,
  title={Neural nearest neighbors networks},
  author={Pl{\"o}tz, Tobias and Roth, Stefan},
  booktitle={NeurIPS},
  year={2018}
}

@article{simeoni2019graph,
   title = {Graph-based Particular Object Discovery},
   author = {O. Sim\'eoni and A. Iscen and G. Tolias and Y. Avrithis and O. Chum},
   journal = {Machine Vision and Applications},
   volume = {30},
   number = {2},
   month = {3},
   pages = {243--254},
   year = {2019}
}

@inproceedings{JimenezAN17,
  author    = {Albert Jimenez and Jose M. Alvarez and Xavier Gir{\'{o}}{-}i{-}Nieto},
  title     = {Class Weighted Convolutional Features for Visual Instance Search},
  booktitle = {BMVC},
  year      = {2017}
}

@article{gu2018attention,
  title={Attention-aware generalized mean pooling for image retrieval},
  author={Gu, Yinzheng and Li, Chuanpeng and Xie, Jinbin},
  journal={arXiv preprint arXiv:1811.00202},
  year={2018}
}

@inproceedings{tolias2020learning,
  title={Learning and aggregating deep local descriptors for instance-level recognition},
  author={Tolias, Giorgos and Jenicek, Tomas and Chum, Ond{\v{r}}ej},
  booktitle={ECCV},
  year={2020}
}

@inproceedings{oh2016deep,
  title={Deep metric learning via lifted structured feature embedding},
  author={Oh Song, Hyun and Xiang, Yu and Jegelka, Stefanie and Savarese, Silvio},
  booktitle={CVPR},
  year={2016}
}

@inproceedings{KKCK20,
  title = 	{Proxy Anchor Loss for Deep Metric Learning},
  author = 	{Kim, Sungyeon and Kim, Dongwon and Cho, Minsu and Kwak, Suha},
  booktitle = 	{CVPR},
  year = 	{2020}
}



@inproceedings{SnellSZ17,
  author    = {Jake Snell and Kevin Swersky and Richard S. Zemel},
  title     = {Prototypical Networks for Few-shot Learning},
  booktitle = {NeurIPS},
  year      = {2017}
}

@inproceedings{chen2020simple,
  title={A simple framework for contrastive learning of visual representations},
  author={Chen, Ting and Kornblith, Simon and Norouzi, Mohammad and Hinton, Geoffrey},
  booktitle={ICML},
  year={2020}
}

@inproceedings{iscen2017efficient,
  title={Efficient diffusion on region manifolds: Recovering small objects with compact cnn representations},
  author={Iscen, Ahmet and Tolias, Giorgos and Avrithis, Yannis and Furon, Teddy and Chum, Ondrej},
  booktitle={CVPR},
  year={2017}
}

@inproceedings{simeoni2019local,
  title={Local features and visual words emerge in activations},
  author={Sim{\'e}oni, Oriane and Avrithis, Yannis and Chum, Ondrej},
  booktitle={CVPR},
  year={2019}
}

@inproceedings{TAJ13,
  author       = {Giorgios Tolias and Yannis Avrithis and Herv{\'e} J{\'e}gou},
  title        = {To aggregate or not to aggregate: Selective match kernels for image search},
  booktitle    = {ICCV},
  year         = {2013}
}

@article{JPD+11,
  title = 	{Aggregating Local Image Descriptors Into Compact Codes},
  author = 	{Jegou, H. and Perronnin, F. and Douze, M. and Sanchez, J. and Perez, P. and Schmid, C.},
  journal = 	{PAMI},
  publisher = 	{IEEE},
  year = 	{2011},
  number = 	{99},
  pages = 	{1--1}
}

@article{chen2017rethinking,
  title={Rethinking atrous convolution for semantic image segmentation},
  author={Chen, Liang-Chieh and Papandreou, George and Schroff, Florian and Adam, Hartwig},
  journal={arXiv preprint arXiv:1706.05587},
  year={2017}
}

@InProceedings{Yu_2017_CVPR,
author = {Yu, Fisher and Koltun, Vladlen and Funkhouser, Thomas},
title = {Dilated Residual Networks},
booktitle = {CVPR},
year = {2017}
}

@article{dosovitskiy2020image,
  title={An image is worth 16x16 words: Transformers for image recognition at scale},
  author={Dosovitskiy, Alexey and Beyer, Lucas and Kolesnikov, Alexander and Weissenborn, Dirk and Zhai, Xiaohua and Unterthiner, Thomas and Dehghani, Mostafa and Minderer, Matthias and Heigold, Georg and Gelly, Sylvain and others},
  journal={arXiv preprint arXiv:2010.11929},
  year={2020}
}

@article{2101.11986,
	author = {Li Yuan and Yunpeng Chen and Tao Wang and Weihao Yu and Yujun Shi and Francis EH Tay and Jiashi Feng and Shuicheng Yan},
	title = {Tokens-to-Token ViT: Training Vision Transformers from Scratch on ImageNet},
	journal={arXiv preprint arXiv:2101.11986},
	year = {2021}
}

@techreport{2102.05644,
	author = {Alaaeldin El-Nouby and Natalia Neverova and Ivan Laptev and Hervé Jégou},
	title = {Training Vision Transformers for Image Retrieval},
	journal={arXiv preprint arXiv:2102.05644},
	year = {2021}
}

@inproceedings{VSP+17,
  title = 	{Attention Is All You Need},
  author = 	{Vaswani, Ashish and Shazeer, Noam and Parmar, Niki and Uszkoreit, Jakob and Jones, Llion and Gomez, Aidan N and Kaiser, Lukasz and Polosukhin, Illia},
  booktitle = 	{NeurIPS},
  year = 	{2017}
}

@InProceedings{ECCV2020_912,
	author = {Bingyi Cao and Andr\'e Araujo and Jack Sim},
	title = {Unifying Deep Local and Global Features for Image Search},
	booktitle = {ECCV},
	year = {2020},
}