@misc{pytorch,
    howpublished={\url{http://pytorch.org/}}
}

@article{li2020smot,
    title={{SMOT}: Single-Shot Multi Object Tracking},
    author={Li, Wei and Xiong, Yuanjun and Yang, Shuo and Deng, Siqi and Xia, Wei},
    journal={arXiv:2010.16031},
    year={2020}
}

@inproceedings{rezatofighi2019generalized,
    title={Generalized intersection over union: A metric and a loss for bounding box regression},
    author={Rezatofighi, Hamid and Tsoi, Nathan and Gwak, JunYoung and Sadeghian, Amir and Reid, Ian and Savarese, Silvio},
    booktitle={CVPR},
    year={2019}
}

@article{zhu2020deformable,
    title={Deformable {DETR}: Deformable transformers for end-to-end object detection},
    author={Zhu, Xizhou and Su, Weijie and Lu, Lewei and Li, Bin and Wang, Xiaogang and Dai, Jifeng},
    journal={arXiv:2010.04159},
    year={2020}
}

@article{zeng2021motr,
    title={{MOTR}: End-to-End Multiple-Object Tracking with TRansformer},
    author={Zeng, Fangao and Dong, Bin and Wang, Tiancai and Chen, Cheng and Zhang, Xiangyu and Wei, Yichen},
    journal={arXiv:2105.03247},
    year={2021}
}

@inproceedings{vaswani2017attention,
    title={Attention is all you need},
    author={Vaswani, Ashish and Shazeer, Noam and Parmar, Niki and Uszkoreit, Jakob and Jones, Llion and Gomez, Aidan N and Kaiser, {\L}ukasz and Polosukhin, Illia},
    booktitle={NeurIPS},
    year={2017}
}

@article{hochreiter1997long,
    title={Long short-term memory},
    author={Hochreiter, Sepp and Schmidhuber, J{\"u}rgen},
    journal={Neural Computation},
    year={1997},
}

@inproceedings{xu2021long,
    title={Long Short-Term Transformer for Online Action Detection},
    author={Xu, Mingze and Xiong, Yuanjun and Chen, Hao and Li, Xinyu and Xia, Wei and Tu, Zhuowen and Soatto, Stefano},
    booktitle={NeurIPS},
    year={2021}
}

@inproceedings{carion2020end,
    title={End-to-end object detection with transformers},
    author={Carion, Nicolas and Massa, Francisco and Synnaeve, Gabriel and Usunier, Nicolas and Kirillov, Alexander and Zagoruyko, Sergey},
    booktitle={ECCV},
    year={2020},
}

@article{ying2021graphormer,
    title={Do Transformers Really Perform Bad for Graph Representation?},
    author={Ying, Chengxuan and Cai, Tianle and Luo, Shengjie and Zheng, Shuxin and Ke, Guolin and He, Di and Shen, Yanming and Liu, Tie-Yan},
    journal={arXiv:2106.05234},
    year={2021}
}

@inproceedings{zhou2020tracking,
    title={Tracking objects as points},
    author={Zhou, Xingyi and Koltun, Vladlen and Kr{\"a}henb{\"u}hl, Philipp},
    booktitle={ECCV},
    year={2020},
}

@article{luiten2020track,
    title={Track to reconstruct and reconstruct to track},
    author={Luiten, Jonathon and Fischer, Tobias and Leibe, Bastian},
    journal={RA-L},
    year={2020},
}

@article{milan2016mot16,
    title={{MOT16}: A benchmark for multi-object tracking},
    author={Milan, Anton and Leal-Taix{\'e}, Laura and Reid, Ian and Roth, Stefan and Schindler, Konrad},
    journal={arXiv:1603.00831},
    year={2016}
}

@article{felzenszwalb2009object,
    title={Object detection with discriminatively trained part-based models},
    author={Felzenszwalb, Pedro F and Girshick, Ross B and McAllester, David and Ramanan, Deva},
    journal={TPAMI},
    year={2009},
}

@inproceedings{ren2015faster,
    title={Faster {R-CNN}: Towards real-time object detection with region proposal networks},
    author={Ren, Shaoqing and He, Kaiming and Girshick, Ross and Sun, Jian},
    booktitle={NeurIPS},
    year={2015}
}

@inproceedings{yang2016exploit,
    title={Exploit all the layers: Fast and accurate cnn object detector with scale dependent pooling and cascaded rejection classifiers},
    author={Yang, Fan and Choi, Wongun and Lin, Yuanqing},
    booktitle={CVPR},
    year={2016}
}

@inproceedings{wang2019exploit,
    title={Exploit the connectivity: Multi-object tracking with trackletnet},
    author={Wang, Gaoang and Wang, Yizhou and Zhang, Haotian and Gu, Renshu and Hwang, Jenq-Neng},
    booktitle={ACM MM},
    year={2019}
}

@inproceedings{wojke2017simple,
    title={Simple online and realtime tracking with a deep association metric},
    author={Wojke, Nicolai and Bewley, Alex and Paulus, Dietrich},
    booktitle={ICIP},
    year={2017},
}

@article{feng2019multi,
    title={Multi-object tracking with multiple cues and switcher-aware classification},
    author={Feng, Weitao and Hu, Zhihao and Wu, Wei and Yan, Junjie and Ouyang, Wanli},
    journal={arXiv:1901.06129},
    year={2019}
}

@inproceedings{chu2019famnet,
    title={{FAMNet}: Joint learning of feature, affinity and multi-dimensional assignment for online multiple object tracking},
    author={Chu, Peng and Ling, Haibin},
    booktitle={ICCV},
    year={2019}
}

@inproceedings{bergmann2019tracking,
    title={Tracking without bells and whistles},
    author={Bergmann, Philipp and Meinhardt, Tim and Leal-Taixe, Laura},
    booktitle={ICCV},
    year={2019}
}

@inproceedings{feichtenhofer2017detect,
    title={Detect to track and track to detect},
    author={Feichtenhofer, Christoph and Pinz, Axel and Zisserman, Andrew},
    booktitle={ICCV},
    year={2017}
}

@article{wang2019towards,
    title={Towards real-time multi-object tracking},
    author={Wang, Zhongdao and Zheng, Liang and Liu, Yixuan and Li, Yali and Wang, Shengjin},
    journal={arXiv:1909.12605},
    year={2019}
}

@inproceedings{lin2017feature,
    title={Feature pyramid networks for object detection},
    author={Lin, Tsung-Yi and Doll{\'a}r, Piotr and Girshick, Ross and He, Kaiming and Hariharan, Bharath and Belongie, Serge},
    booktitle={CVPR},
    year={2017}
}

@inproceedings{schroff2015facenet,
    title={{FaceNet}: A unified embedding for face recognition and clustering},
    author={Schroff, Florian and Kalenichenko, Dmitry and Philbin, James},
    booktitle={CVPR},
    year={2015}
}

@article{zhang2020fair,
    title={{FairMOT}: On the Fairness of Detection and Re-Identification in Multiple Object Tracking},
    author={Zhang, Yifu and Wang, Chunyu and Wang, Xinggang and Zeng, Wenjun and Liu, Wenyu},
    journal={arXiv:2004.01888},
    year={2020}
}

@article{zhou2019objects,
    title={Objects as Points},
    author={Zhou, Xingyi and Wang, Dequan and Kr{\"a}henb{\"u}hl, Philipp},
    journal={arXiv:1904.07850},
    year={2019}
}

@article{leal2015motchallenge,
    title={{MOTChallenge 2015}: Towards a benchmark for multi-target tracking},
    author={Leal-Taix{\'e}, Laura and Milan, Anton and Reid, Ian and Roth, Stefan and Schindler, Konrad},
    journal={arXiv:1504.01942},
    year={2015}
}

@inproceedings{he2017mask,
    title={{Mask R-CNN}},
    author={He, Kaiming and Gkioxari, Georgia and Doll{\'a}r, Piotr and Girshick, Ross},
    booktitle={ICCV},
    year={2017}
}

@article{geiger2013vision,
    title={Vision meets robotics: The kitti dataset},
    author={Geiger, Andreas and Lenz, Philip and Stiller, Christoph and Urtasun, Raquel},
    journal={IJRR},
    year={2013},
}

@article{kuhn1955hungarian,
    title={The Hungarian method for the assignment problem},
    author={Kuhn, Harold W},
    journal={NRL},
    year={1955},
}

@inproceedings{cai2018cascade,
    title={Cascade {R-CNN}: Delving into high quality object detection},
    author={Cai, Zhaowei and Vasconcelos, Nuno},
    booktitle={CVPR},
    year={2018}
}

@inproceedings{kirillov2019panoptic,
    title={Panoptic segmentation},
    author={Kirillov, Alexander and He, Kaiming and Girshick, Ross and Rother, Carsten and Doll{\'a}r, Piotr},
    booktitle={CVPR},
    year={2019}
}

@inproceedings{lin2014microsoft,
    title={Microsoft coco: Common objects in context},
    author={Lin, Tsung-Yi and Maire, Michael and Belongie, Serge and Hays, James and Perona, Pietro and Ramanan, Deva and Doll{\'a}r, Piotr and Zitnick, C Lawrence},
    booktitle={ECCV},
    year={2014},
}

@inproceedings{neubeck2006efficient,
    title={Efficient non-maximum suppression},
    author={Neubeck, Alexander and Van Gool, Luc},
    booktitle={ICPR},
    year={2006},
}

@inproceedings{he2016deep,
    title={Deep residual learning for image recognition},
    author={He, Kaiming and Zhang, Xiangyu and Ren, Shaoqing and Sun, Jian},
    booktitle={CVPR},
    year={2016}
}

@inproceedings{luiten2018premvos,
    title={Premvos: Proposal-generation, refinement and merging for video object segmentation},
    author={Luiten, Jonathon and Voigtlaender, Paul and Leibe, Bastian},
    booktitle={ACCV},
    year={2018},
}

@article{yang2020remots,
    title={{ReMOTS}: Self-supervised refining multi-object tracking and segmentation},
    author={Yang, Fan and Chang, Xin and Dang, Chenyu and Zheng, Ziqiang and Sakti, Sakriani and Nakamura, Satoshi and Wu, Yang},
    journal={arXiv:2007.03200},
    year={2020}
}

@article{koeferlapplication,
    title={Application of SORT on Multi-Object Tracking and Segmentation},
    author={Koeferl, Franz and Link, Johannes and Eskofier, Bjoern}
}

@inproceedings{lee2020fast,
    title={Fast multiple object tracking using Siamese random forest without online tracker updating},
    author={Lee, Jimi and Kim, Sangwon and Ko, Byoung Chul},
    booktitle={Proc. IEEE Conf. Comput. Vis. Pattern Recognit. BMTT Workshop (CVPRW)},
    year={2020}
}

@article{song2020online,
    title={Online Multi-Object Tracking and Segmentation with GMPHD Filter and Simple Affinity Fusion},
    author={Song, Young-min and Jeon, Moongu},
    journal={arXiv:2009.00100},
    year={2020}
}

@inproceedings{tang2020min,
    title={Min-cost network flow and trajectory fix for multiple objects tracking},
    author={Tang, Jiasheng and Xiong, Xiong and Xie, Chenwei and Zhang, Yanhao and Wang, Pichao and Wang, Fan and Du, Fei and Han, Liang and Zheng, Yun and Pan, Pan and others},
    booktitle={CVPRW},
    year={2020}
}

@article{yuanre,
    title={Re-Identification and Tracklet-Plane Matching for Multi-Object Tracking and Segmentation},
    author={Yuan, Yuchen and Su, Xiangbo and Zhang, Wei and Wang, Tao and Shi, Wei and Xu, Zhenbo and Peng, Mian and Tan, Xiao and Lin, Weiyao and Zhang, Hongwu and others}
}

@inproceedings{hsu2019multi,
    title={Multi-Camera Tracking of Vehicles based on Deep Features Re-ID and Trajectory-Based Camera Link Models.},
    author={Hsu, Hung-Min and Huang, Tsung-Wei and Wang, Gaoang and Cai, Jiarui and Lei, Zhichao and Hwang, Jenq-Neng},
    booktitle={CVPRW},
    year={2019}
}

@inproceedings{huang2019multi,
    title={Multi-View Vehicle Re-Identification using Temporal Attention Model and Metadata Re-ranking.},
    author={Huang, Tsung-Wei and Cai, Jiarui and Yang, Hao and Hsu, Hung-Min and Hwang, Jenq-Neng},
    booktitle={CVPRW},
    year={2019}
}

@inproceedings{zhang2019robust,
    title={Robust multi-modality multi-object tracking},
    author={Zhang, Wenwei and Zhou, Hui and Sun, Shuyang and Wang, Zhe and Shi, Jianping and Loy, Chen Change},
    booktitle={ICCV},
    year={2019}
}

@inproceedings{tang2019cityflow,
    title={Cityflow: A city-scale benchmark for multi-target multi-camera vehicle tracking and re-identification},
    author={Tang, Zheng and Naphade, Milind and Liu, Ming-Yu and Yang, Xiaodong and Birchfield, Stan and Wang, Shuo and Kumar, Ratnesh and Anastasiu, David and Hwang, Jenq-Neng},
    booktitle={CVPR},
    year={2019}
}

@inproceedings{tang2018single,
    title={Single-camera and inter-camera vehicle tracking and 3D speed estimation based on fusion of visual and semantic features},
    author={Tang, Zheng and Wang, Gaoang and Xiao, Hao and Zheng, Aotian and Hwang, Jenq-Neng},
    booktitle={CVPRW},
    year={2018}
}

@inproceedings{su2016deep,
    title={Deep attributes driven multi-camera person re-identification},
    author={Su, Chi and Zhang, Shiliang and Xing, Junliang and Gao, Wen and Tian, Qi},
    booktitle={ECCV},
    year={2016},
}

@article{pont20172017,
    title={The 2017 davis challenge on video object segmentation},
    author={Pont-Tuset, Jordi and Perazzi, Federico and Caelles, Sergi and Arbel{\'a}ez, Pablo and Sorkine-Hornung, Alex and Van Gool, Luc},
    journal={arXiv:1704.00675},
    year={2017}
}

@article{DBLP:journals/corr/abs-1807-09190,
    author={Jonathon Luiten and Paul Voigtlaender and Bastian Leibe},
    title={PReMVOS: Proposal-generation, Refinement and Merging for Video Object Segmentation},
    journal={CoRR},
    year={2018},
}

@inproceedings{xu2018youtube,
    title={Youtube-vos: Sequence-to-sequence video object segmentation},
    author={Xu, Ning and Yang, Linjie and Fan, Yuchen and Yang, Jianchao and Yue, Dingcheng and Liang, Yuchen and Price, Brian and Cohen, Scott and Huang, Thomas},
    booktitle={ECCV},
    year={2018}
}

@inproceedings{ventura2019rvos,
    title={Rvos: End-to-end recurrent network for video object segmentation},
    author={Ventura, Carles and Bellver, Miriam and Girbau, Andreu and Salvador, Amaia and Marques, Ferran and Giro-i-Nieto, Xavier},
    booktitle={CVPR},
    year={2019}
}

@article{zhanglifts,
    title={LIFTS: Lidar and Monocular Image Fusion for Multi-Object Tracking and Segmentation},
    author={Zhang, Haotian and Wang, Yizhou and Cai, Jiarui and Hsu, Hung-Min and Ji, Haorui and Hwang, Jenq-Neng}
}

@inproceedings{cordts2016cityscapes,
    title={The cityscapes dataset for semantic urban scene understanding},
    author={Cordts, Marius and Omran, Mohamed and Ramos, Sebastian and Rehfeld, Timo and Enzweiler, Markus and Benenson, Rodrigo and Franke, Uwe and Roth, Stefan and Schiele, Bernt},
    booktitle={CVPR},
    year={2016}
}

@article{yu2018bdd100k,
    title={Bdd100k: A diverse driving video database with scalable annotation tooling},
    author={Yu, Fisher and Xian, Wenqi and Chen, Yingying and Liu, Fangchen and Liao, Mike and Madhavan, Vashisht and Darrell, Trevor},
    journal={arXiv:1805.04687},
    year={2018},
}

@inproceedings{huang2018apolloscape,
    title={The apolloscape dataset for autonomous driving},
    author={Huang, Xinyu and Cheng, Xinjing and Geng, Qichuan and Cao, Binbin and Zhou, Dingfu and Wang, Peng and Lin, Yuanqing and Yang, Ruigang},
    booktitle={CVPRW},
    year={2018}
}

@inproceedings{paszke2019pytorch,
    title={{PyTorch}: An imperative style, high-performance deep learning library},
    author={Paszke, Adam and Gross, Sam and Massa, Francisco and Lerer, Adam and Bradbury, James and Chanan, Gregory and Killeen, Trevor and Lin, Zeming and Gimelshein, Natalia and Antiga, Luca and others},
    booktitle={NeurIPS},
    year={2019}
}

@inproceedings{xu2018joint,
    title={Joint person segmentation and identification in synchronized first-and third-person videos},
    author={Xu, Mingze and Fan, Chenyou and Wang, Yuchen and Ryoo, Michael S and Crandall, David J},
    booktitle={ECCV},
    year={2018}
}

@article{chen2019mmdetection,
    title={Mmdetection: Open mmlab detection toolbox and benchmark},
    author={Chen, Kai and Wang, Jiaqi and Pang, Jiangmiao and Cao, Yuhang and Xiong, Yu and Li, Xiaoxiao and Sun, Shuyang and Feng, Wansen and Liu, Ziwei and Xu, Jiarui and others},
    journal={arXiv:1906.07155},
    year={2019}
}

@inproceedings{zhang2008global,
    title={Global data association for multi-object tracking using network flows},
    author={Zhang, Li and Li, Yuan and Nevatia, Ramakant},
    booktitle={CVPR},
    year={2008},
}

@inproceedings{wang2019spm,
    title={Spm-tracker: Series-parallel matching for real-time visual object tracking},
    author={Wang, Guangting and Luo, Chong and Xiong, Zhiwei and Zeng, Wenjun},
    booktitle={CVPR},
    year={2019}
}

@article{peng2020tpm,
    title={TPM: Multiple Object Tracking with Tracklet-Plane Matching},
    author={Peng, Jinlong and Wang, Tao and Lin, Weiyao and Wang, Jian and See, John and Wen, Shilei and Ding, Erui},
    journal={PR},
    year={2020},
}

@inproceedings{xu2020segment,
    title={Segment as points for efficient online multi-object tracking and segmentation},
    author={Xu, Zhenbo and Zhang, Wei and Tan, Xiao and Yang, Wei and Huang, Huan and Wen, Shilei and Ding, Errui and Huang, Liusheng},
    booktitle={ECCV},
    year={2020},
}

@inproceedings{zhao2019unsupervised,
    title={Unsupervised Traffic Anomaly Detection Using Trajectories.},
    author={Zhao, Jianfei and Yi, Zitong and Pan, Siyang and Zhao, Yanyun and Zhao, Zhicheng and Su, Fei and Zhuang, Bojin},
    booktitle={CVPRW},
    year={2019}
}

@inproceedings{wang2019anomaly,
    title={Anomaly Candidate Identification and Starting Time Estimation of Vehicles from Traffic Videos.},
    author={Wang, Gaoang and Yuan, Xinyu and Hsu, Hung-Min and Hwang, Jenq-Neng}
}

@article{dosovitskiy2020image,
    title={An image is worth 16x16 words: Transformers for image recognition at scale},
    author={Dosovitskiy, Alexey and Beyer, Lucas and Kolesnikov, Alexander and Weissenborn, Dirk and Zhai, Xiaohua and Unterthiner, Thomas and Dehghani, Mostafa and Minderer, Matthias and Heigold, Georg and Gelly, Sylvain and others},
    journal={ICLR},
    year={2021}
}

@article{arnab2021vivit,
    title={Vivit: A video vision transformer},
    author={Arnab, Anurag and Dehghani, Mostafa and Heigold, Georg and Sun, Chen and Lu{\v{c}}i{\'c}, Mario and Schmid, Cordelia},
    journal={arXiv:2103.15691},
    year={2021}
}

@article{liu2021video,
    title={Video swin transformer},
    author={Liu, Ze and Ning, Jia and Cao, Yue and Wei, Yixuan and Zhang, Zheng and Lin, Stephen and Hu, Han},
    journal={arXiv:2106.13230},
    year={2021}
}

@article{liu2021swin,
    title={Swin transformer: Hierarchical vision transformer using shifted windows},
    author={Liu, Ze and Lin, Yutong and Cao, Yue and Hu, Han and Wei, Yixuan and Zhang, Zheng and Lin, Stephen and Guo, Baining},
    journal={arXiv:2103.14030},
    year={2021}
}

@article{chu2021transmot,
    title={{TransMOT}: Spatial-Temporal Graph Transformer for Multiple Object Tracking},
    author={Chu, Peng and Wang, Jiang and You, Quanzeng and Ling, Haibin and Liu, Zicheng},
    journal={arXiv:2104.00194},
    year={2021}
}

@article{sun2020transtrack,
    title={Transtrack: Multiple-object tracking with transformer},
    author={Sun, Peize and Jiang, Yi and Zhang, Rufeng and Xie, Enze and Cao, Jinkun and Hu, Xinting and Kong, Tao and Yuan, Zehuan and Wang, Changhu and Luo, Ping},
    journal={arXiv:2012.15460},
    year={2020}
}

@article{meinhardt2021trackformer,
    title={Trackformer: Multi-object tracking with transformers},
    author={Meinhardt, Tim and Kirillov, Alexander and Leal-Taixe, Laura and Feichtenhofer, Christoph},
    journal={arXiv:2101.02702},
    year={2021}
}

@article{xu2021transcenter,
    title={{TransCenter}: Transformers with Dense Queries for Multiple-Object Tracking},
    author={Xu, Yihong and Ban, Yutong and Delorme, Guillaume and Gan, Chuang and Rus, Daniela and Alameda-Pineda, Xavier},
    journal={arXiv:2103.15145},
    year={2021}
}

@inproceedings{liu2016ssd,
    title={{SSD}: Single shot multibox detector},
    author={Liu, Wei and Anguelov, Dragomir and Erhan, Dumitru and Szegedy, Christian and Reed, Scott and Fu, Cheng-Yang and Berg, Alexander C},
    booktitle={ECCV},
    year={2016},
}

@inproceedings{pan2007robust,
    title={Robust occlusion handling in object tracking},
    author={Pan, Jiyan and Hu, Bo},
    booktitle={CVPR},
    year={2007},
}

@inproceedings{1517Bochinski2017,
    author={Erik Bochinski and Volker Eiselein and Thomas Sikora},
    title={High-Speed Tracking-by-Detection Without Using Image Information},
    booktitle={AVSSW},
    year={2017},
}

@inproceedings{braso2020learning,
    title={Learning a neural solver for multiple object tracking},
    author={Bras{\'o}, Guillem and Leal-Taix{\'e}, Laura},
    booktitle={CVPR},
    year={2020}
}

@article{li2021semi,
    title={{Semi-TCL}: Semi-supervised track contrastive representation learning},
    author={Li, Wei and Xiong, Yuanjun and Yang, Shuo and Xu, Mingze and Wang, Yongxin and Xia, Wei},
    journal={arXiv:2107.02396},
    year={2021}
}

@article{dendorfer2020mot20,
    title={{MOT20}: A benchmark for multi object tracking in crowded scenes},
    author={Dendorfer, Patrick and Rezatofighi, Hamid and Milan, Anton and Shi, Javen and Cremers, Daniel and Reid, Ian and Roth, Stefan and Schindler, Konrad and Leal-Taix{\'e}, Laura},
    journal={arXiv:2003.09003},
    year={2020}
}

@inproceedings{wang2021multiple,
    title={Multiple Object Tracking with Correlation Learning},
    author={Wang, Qiang and Zheng, Yun and Pan, Pan and Xu, Yinghui},
    booktitle={CVPR},
    year={2021}
}

@inproceedings{pang2020tubetk,
    title={Tubetk: Adopting tubes to track multi-object in a one-step training model},
    author={Pang, Bo and Li, Yizhuo and Zhang, Yifan and Li, Muchen and Lu, Cewu},
    booktitle={CVPR},
    year={2020}
}

@inproceedings{peng2020chained,
    title={Chained-tracker: Chaining paired attentive regression results for end-to-end joint multiple-object detection and tracking},
    author={Peng, Jinlong and Wang, Changan and Wan, Fangbin and Wu, Yang and Wang, Yabiao and Tai, Ying and Wang, Chengjie and Li, Jilin and Huang, Feiyue and Fu, Yanwei},
    booktitle={ECCV},
    year={2020},
}

@article{shao2018crowdhuman,
    title={Crowdhuman: A benchmark for detecting human in a crowd},
    author={Shao, Shuai and Zhao, Zijian and Li, Boxun and Xiao, Tete and Yu, Gang and Zhang, Xiangyu and Sun, Jian},
    journal={arXiv:1805.00123},
    year={2018}
}

@article{luiten2021hota,
    title={Hota: A higher order metric for evaluating multi-object tracking},
    author={Luiten, Jonathon and Osep, Aljosa and Dendorfer, Patrick and Torr, Philip and Geiger, Andreas and Leal-Taix{\'e}, Laura and Leibe, Bastian},
    journal={IJCV},
    year={2021},
}

@article{chaabane2021deft,
    title={Deft: Detection embeddings for tracking},
    author={Chaabane, Mohamed and Zhang, Peter and Beveridge, J Ross and O'Hara, Stephen},
    journal={arXiv:2102.02267},
    year={2021}
}

@INPROCEEDINGS{Geiger2012kitti,
    author={Andreas Geiger and Philip Lenz and Raquel Urtasun},
    title={Are we ready for Autonomous Driving? The KITTI Vision Benchmark Suite},
    booktitle={CVPR},
    year={2012}
}

@article{hu2021monocular,
    title={Monocular Quasi-Dense 3D Object Tracking},
    author={Hu, Hou-Ning and Yang, Yung-Hsu and Fischer, Tobias and Darrell, Trevor and Yu, Fisher and Sun, Min},
    journal={arXiv:2103.07351},
    year={2021}
}

@inproceedings{pang2021quasi,
    title={Quasi-dense similarity learning for multiple object tracking},
    author={Pang, Jiangmiao and Qiu, Linlu and Li, Xia and Chen, Haofeng and Li, Qi and Darrell, Trevor and Yu, Fisher},
    booktitle={CVPR},
    year={2021}
}

@inproceedings{wen2014multiple,
    title={Multiple target tracking based on undirected hierarchical relation hypergraph},
    author={Wen, Longyin and Li, Wenbo and Yan, Junjie and Lei, Zhen and Yi, Dong and Li, Stan Z},
    booktitle={CVPR},
    year={2014}
}

@inproceedings{yu2016poi,
    title={Poi: Multiple object tracking with high performance detection and appearance feature},
    author={Yu, Fengwei and Li, Wenbo and Li, Quanquan and Liu, Yu and Shi, Xiaohua and Yan, Junjie},
    booktitle={ECCV},
    year={2016}
}

@inproceedings{wu2019long,
    title={Long-term feature banks for detailed video understanding},
    author={Wu, Chao-Yuan and Feichtenhofer, Christoph and Fan, Haoqi and He, Kaiming and Krahenbuhl, Philipp and Girshick, Ross},
    booktitle={CVPR},
    year={2019}
}

@inproceedings{wu2021towards,
    title={Towards Long-Form Video Understanding},
    author={Wu, Chao-Yuan and Krahenbuhl, Philipp},
    booktitle={ICCV},
    year={2021}
}

@inproceedings{wu2019global,
    title={Global-to-local memory pointer networks for task-oriented dialogue},
    author={Wu, Chien-Sheng and Socher, Richard and Xiong, Caiming},
    booktitle={ICLR},
    year={2019}
}

@inproceedings{gao2018motion,
    title={Motion-appearance co-memory networks for video question answering},
    author={Gao, Jiyang and Ge, Runzhou and Chen, Kan and Nevatia, Ram},
    booktitle={CVPR},
    year={2018}
}

@article{loshchilov2017decoupled,
    title={Decoupled weight decay regularization},
    author={Loshchilov, Ilya and Hutter, Frank},
    journal={arXiv:1711.05101},
    year={2017}
}

@inproceedings{oh2019video,
    title={Video object segmentation using space-time memory networks},
    author={Oh, Seoung Wug and Lee, Joon-Young and Xu, Ning and Kim, Seon Joo},
    booktitle={ICCV},
    year={2019}
}

@inproceedings{bertasius2021space,
    title={Is Space-Time Attention All You Need for Video Understanding?},
    author={Bertasius, Gedas and Wang, Heng and Torresani, Lorenzo},
    booktitle={ICML},
    year={2021}
}

@article{sharir2021image,
    title={An Image is Worth 16x16 Words, What is a Video Worth?},
    author={Sharir, Gilad and Noy, Asaf and Zelnik-Manor, Lihi},
    journal={arXiv:2103.13915},
    year={2021}
}

@inproceedings{fu2021stmtrack,
    title={STMTrack: Template-free Visual Tracking with Space-time Memory Networks},
    author={Fu, Zhihong and Liu, Qingjie and Fu, Zehua and Wang, Yunhong},
    booktitle={CVPR},
    year={2021}
}

@inproceedings{yang2018learning,
    title={Learning dynamic memory networks for object tracking},
    author={Yang, Tianyu and Chan, Antoni B},
    booktitle={ECCV},
    year={2018}
}

@article{graves2014neural,
    title={Neural turing machines},
    author={Graves, Alex and Wayne, Greg and Danihelka, Ivo},
    journal={arXiv:1410.5401},
    year={2014}
}

@article{weston2014memory,
    title={Memory networks},
    author={Weston, Jason and Chopra, Sumit and Bordes, Antoine},
    journal={arXiv:1410.3916},
    year={2014}
}

@inproceedings{sukhbaatar2015end,
    title={End-to-end memory networks},
    author={Sukhbaatar, Sainbayar and Szlam, Arthur and Weston, Jason and Fergus, Rob},
    booktitle={NeurIPS},
    year={2015}
}

@inproceedings{xiong2016dynamic,
    title={Dynamic memory networks for visual and textual question answering},
    author={Xiong, Caiming and Merity, Stephen and Socher, Richard},
    booktitle={ICML},
    year={2016},
}

@inproceedings{kumar2016ask,
    title={Ask me anything: Dynamic memory networks for natural language processing},
    author={Kumar, Ankit and Irsoy, Ozan and Ondruska, Peter and Iyyer, Mohit and Bradbury, James and Gulrajani, Ishaan and Zhong, Victor and Paulus, Romain and Socher, Richard},
    booktitle={ICML},
    year={2016},
}

@inproceedings{lu2020video,
    title={Video object segmentation with episodic graph memory networks},
    author={Lu, Xiankai and Wang, Wenguan and Danelljan, Martin and Zhou, Tianfei and Shen, Jianbing and Van Gool, Luc},
    booktitle={ECCV},
    year={2020},
}

@inproceedings{marchetti2020mantra,
    title={Mantra: Memory augmented networks for multiple trajectory prediction},
    author={Marchetti, Francesco and Becattini, Federico and Seidenari, Lorenzo and Bimbo, Alberto Del},
    booktitle={CVPR},
    year={2020}
}

@article{ge2021yolox,
    title={{YOLOX}: Exceeding yolo series in 2021},
    author={Ge, Zheng and Liu, Songtao and Wang, Feng and Li, Zeming and Sun, Jian},
    journal={arXiv:2107.08430},
    year={2021}
}

@article{zhang2021bytetrack,
    title={ByteTrack: Multi-Object Tracking by Associating Every Detection Box},
    author={Zhang, Yifu and Sun, Peize and Jiang, Yi and Yu, Dongdong and Yuan, Zehuan and Luo, Ping and Liu, Wenyu and Wang, Xinggang},
    journal={arXiv:2110.06864},
    year={2021}
}

@article{babenko2010robust,
    title={Robust object tracking with online multiple instance learning},
    author={Babenko, Boris and Yang, Ming-Hsuan and Belongie, Serge},
    journal={PAMI},
    year={2010},
}

@inproceedings{wu2013online,
    title={Online object tracking: A benchmark},
    author={Wu, Yi and Lim, Jongwoo and Yang, Ming-Hsuan},
    booktitle={CVPR},
    year={2013}
}

@inproceedings{kristan2015visual,
    title={The visual object tracking vot2015 challenge results},
    author={Kristan, Matej and Matas, Jiri and Leonardis, Ales and Felsberg, Michael and Cehovin, Luka and Fernandez, Gustavo and Vojir, Tomas and Hager, Gustav and Nebehay, Georg and Pflugfelder, Roman},
    booktitle={ICCVW},
    year={2015}
}

@article{isard1998condensation,
    title={Condensation—conditional density propagation for visual tracking},
    author={Isard, Michael and Blake, Andrew},
    journal={IJCV},
    year={1998},
}

@article{shen2003probabilistic,
    title={Probabilistic multiple cue integration for particle filter based tracking},
    author={Shen, Chunhua and Van den Hengel, Anton and Dick, Anthony},
    journal={Australian Pattern Recognition Society},
    year={2003}
}

@article{bishop2001introduction,
    title={An introduction to the kalman filter},
    author={Bishop, Gary and Welch, Greg and others},
    journal={SIGGRAPH},
    year={2001}
}

@article{gustafsson2002particle,
    title={Particle filters for positioning, navigation, and tracking},
    author={Gustafsson, Fredrik and Gunnarsson, Fredrik and Bergman, Niclas and Forssell, Urban and Jansson, Jonas and Karlsson, Rickard and Nordlund, P-J},
    journal={TSP},
    year={2002},
}

@inproceedings{xing2009multi,
    title={Multi-object tracking through occlusions by local tracklets filtering and global tracklets association with detection responses},
    author={Xing, Junliang and Ai, Haizhou and Lao, Shihong},
    booktitle={CVPR},
    year={2009},
}

@inproceedings{hue2001particle,
    title={A particle filter to track multiple objects},
    author={Hue, Carine and Le Cadre, J-P and P{\'e}rez, Patrick},
    booktitle={MOT Workshop},
    year={2001},
}

@inproceedings{giebel2004bayesian,
    title={A bayesian framework for multi-cue 3d object tracking},
    author={Giebel, Jan and Gavrila, Darin M and Schn{\"o}rr, Christoph},
    booktitle={ECCV},
    year={2004},
}

@article{xing2010multiple,
    title={Multiple player tracking in sports video: A dual-mode two-way bayesian inference approach with progressive observation modeling},
    author={Xing, Junliang and Ai, Haizhou and Liu, Liwei and Lao, Shihong},
    journal={TIP},
    year={2010},
}
@inproceedings{perera2006multi,
    title={Multi-object tracking through simultaneous long occlusions and split-merge conditions},
    author={Perera, AG Amitha and Srinivas, Chukka and Hoogs, Anthony and Brooksby, Glen and Hu, Wensheng},
    booktitle={CVPR},
    year={2006},
}
@inproceedings{choi2010multiple,
    title={Multiple target tracking in world coordinate with single, minimally calibrated camera},
    author={Choi, Wongun and Savarese, Silvio},
    booktitle={ECCV},
    year={2010},
}

@article{rangesh2021trackmpnn,
    title={{TrackMPNN}: A Message Passing Graph Neural Architecture for Multi-Object Tracking},
    author={Rangesh, Akshay and Maheshwari, Pranav and Gebre, Mez and Mhatre, Siddhesh and Ramezani, Vahid and Trivedi, Mohan M},
    journal={arXiv:2101.04206},
    year={2021}
}

@inproceedings{erhan2014scalable,
    title={Scalable object detection using deep neural networks},
    author={Erhan, Dumitru and Szegedy, Christian and Toshev, Alexander and Anguelov, Dragomir},
    booktitle={CVPR},
    year={2014}
}

@inproceedings{fabbri2018learning,
    title={Learning to detect and track visible and occluded body joints in a virtual world},
    author={Fabbri, Matteo and Lanzi, Fabio and Calderara, Simone and Palazzi, Andrea and Vezzani, Roberto and Cucchiara, Rita},
    booktitle={ECCV},
    year={2018}
}

@inproceedings{zhang2017citypersons,
    title={Citypersons: A diverse dataset for pedestrian detection},
    author={Zhang, Shanshan and Benenson, Rodrigo and Schiele, Bernt},
    booktitle={CVPR},
    year={2017}
}

@inproceedings{ess2008mobile,
    title={A mobile vision system for robust multi-person tracking},
    author={Ess, Andreas and Leibe, Bastian and Schindler, Konrad and Van Gool, Luc},
    booktitle={CVPR},
    year={2008}
}

@inproceedings{dollar2009pedestrian,
    title={Pedestrian detection: A benchmark},
    author={Doll{\'a}r, Piotr and Wojek, Christian and Schiele, Bernt and Perona, Pietro},
    booktitle={CVPR},
    year={2009}
}

@article{xiao2016end,
    title={End-to-end deep learning for person search},
    author={Xiao, Tong and Li, Shuang and Wang, Bochao and Lin, Liang and Wang, Xiaogang},
    journal={arXiv:1604.01850},
    year={2016}
}

@inproceedings{zheng2017person,
    title={Person re-identification in the wild},
    author={Zheng, Liang and Zhang, Hengheng and Sun, Shaoyan and Chandraker, Manmohan and Yang, Yi and Tian, Qi},
    booktitle={CVPR},
    year={2017}
}

@inproceedings{wang2021joint,
    title={Joint object detection and multi-object tracking with graph neural networks},
    author={Wang, Yongxin and Kitani, Kris and Weng, Xinshuo},
    booktitle={ICRA},
    year={2021},
}

@inproceedings{tokmakov2021learning,
    title={Learning to track with object permanence},
    author={Tokmakov, Pavel and Li, Jie and Burgard, Wolfram and Gaidon, Adrien},
    booktitle={ICCV},
    year={2021}
}

@inproceedings{wu2021track,
    title={Track to detect and segment: An online multi-object tracker},
    author={Wu, Jialian and Cao, Jiale and Song, Liangchen and Wang, Yu and Yang, Ming and Yuan, Junsong},
    booktitle={CVPR},
    year={2021}
}

@article{welch1995introduction,
  title={An introduction to the Kalman filter},
  author={Welch, Greg and Bishop, Gary and others},
  year={1995},
  publisher={Chapel Hill, NC, USA}
}