@article{miyake23,
              title={Negative-prompt Inversion: Fast Image Inversion for Editing with Text-guided Diffusion Models},
              author={Daiki Miyake and Akihiro Iohara and Yu Saito and Toshiyuki Tanaka},
              journal={arXiv preprint arXiv:2305.16807},
              year={2023}
            }

@InProceedings{cao23,
    author    = {Cao, Mingdeng and Wang, Xintao and Qi, Zhongang and Shan, Ying and Qie, Xiaohu and Zheng, Yinqiang},
    title     = {MasaCtrl: Tuning-Free Mutual Self-Attention Control for Consistent Image Synthesis and Editing},
    booktitle = {Proceedings of the {IEEE} International Conference on Computer Vision (ICCV)},
    month     = {October},
    year      = {2023},
    pages     = {22560-22570}
}

@inproceedings{zhang23,
  title={Sine: Single image editing with text-to-image diffusion models},
  author={Zhang, Zhixing and Han, Ligong and Ghosh, Arnab and Metaxas, Dimitris N and Ren, Jian},
  booktitle={Proceedings of the {IEEE} Conference on Computer Vision and Pattern Recognition (CVPR)},
  pages={6027--6037},
  year={2023}
}

@article{Han23,
  title={Improving Negative-Prompt Inversion via Proximal Guidance},
  author={Han, Ligong and Wen, Song and Chen, Qi and Zhang, Zhixing and Song, Kunpeng and Ren, Mengwei and Gao, Ruijiang and Chen, Yuxiao and Liu, Di and Zhangli, Qilong and others},
  journal={arXiv preprint arXiv:2306.05414},
  year={2023}
}

@inproceedings{langley00,
  title={Crafting papers on machine learning},
  author={Langley, Pat},
  booktitle={International Conference
              on Machine Learning (ICML)},
  pages={1207--1216},
  year={2000}
}

@article{balaji22,
              title={{eDiff-I}: Text-to-Image Diffusion Models 
                with Ensemble of Expert Denoisers},
              author={Yogesh Balaji and Seungjun Nah and 
                Xun Huang and Arash Vahdat and Jiaming Song 
                and Karsten Kreis and Miika Aittala and 
                Timo Aila and Samuli Laine and Bryan Catanzaro 
                and Tero Karras and Ming-Yu Liu},
              journal={arXiv preprint arXiv:2211.01324},
              year={2022}
            }


@TechReport{mitchell80,
  author = 	 "T. M. Mitchell",
  title = 	 "The Need for Biases in Learning Generalizations",
  institution =  "Computer Science Department, Rutgers University",
  year = 	 "1980",
  address =	 "New Brunswick, MA",
}

@phdthesis{kearns89,
  author = {M. J. Kearns},
  title =  {Computational Complexity of Machine Learning},
  school = {Department of Computer Science, Harvard University},
  year =   {1989}
}

@inproceedings{Rombach22,
  title={High-resolution image synthesis with latent diffusion models},
  author={Rombach, Robin and Blattmann, Andreas and Lorenz, Dominik and Esser, Patrick and Ommer, Bj{\"o}rn},
  booktitle={Proceedings of the {IEEE} Conference on Computer Vision and Pattern Recognition (CVPR)},
  pages={10684--10695},
  year={2022}
}

@article{Prafulla21,
  title={Diffusion models beat gans on image synthesis},
  author={Dhariwal, Prafulla and Nichol, Alexander},
  journal={Advances in Neural Information Processing Systems (NeurIPS)},
  volume={34},
  pages={8780--8794},
  year={2021}
}

 @inproceedings{Lugmayr22,
  author    = {Andreas Lugmayr and
               Martin Danelljan and
               Andres Romero and
               Fisher Yu and
               Radu Timofte and
               Luc Van Gool},
  title     = {Re{P}aint: Inpainting using Denoising Diffusion Probabilistic Models},
  booktitle = {Proceedings of the {IEEE} Conference on Computer Vision and Pattern Recognition (CVPR)},
  pages     = {11451--11461},
  year      = {2022}
}

@inproceedings{Meng22,
title={{SDE}dit: Guided Image Synthesis and Editing with Stochastic Differential Equations},
author={Chenlin Meng and Yutong He and Yang Song and Jiaming Song and Jiajun Wu and Jun-Yan Zhu and Stefano Ermon},
booktitle={International Conference on Learning Representations (ICLR)},
year={2022},
}

@inproceedings{Hertz22,
  author       = {Amir Hertz and
                  Ron Mokady and
                  Jay Tenenbaum and
                  Kfir Aberman and
                  Yael Pritch and
                  Daniel Cohen{-}Or},
  title        = {Prompt-to-Prompt Image Editing with Cross-Attention Control},
  booktitle    = {International Conference on Learning Representations (ICLR)},
  year         = {2023},
}

@inproceedings{Bahjat22,
      title={Imagic: Text-Based Real Image Editing with Diffusion Models},
      author={Kawar, Bahjat and Zada, Shiran and Lang, Oran and Tov, Omer and Chang, Huiwen and Dekel, Tali and Mosseri, Inbar and Irani, Michal},
      booktitle={Conference on Computer Vision and Pattern Recognition (CVPR)},
      year={2023}
}



@article{saharia22,
  title={Photorealistic text-to-image diffusion models with deep language understanding},
  author={Saharia, Chitwan and Chan, William and Saxena, Saurabh and Li, Lala and Whang, Jay and Denton, Emily L and Ghasemipour, Kamyar and Gontijo Lopes, Raphael and Karagol Ayan, Burcu and Salimans, Tim and others},
  journal={Advances in Neural Information Processing Systems  (NeurIPS)},
  volume={35},
  pages={36479--36494},
  year={2022}
  }


@InProceedings{pmlr22,
  title = 	 {{GLIDE}: Towards Photorealistic Image Generation and Editing with Text-Guided Diffusion Models},
  author =       {Nichol, Alexander Quinn and Dhariwal, Prafulla and Ramesh, Aditya and Shyam, Pranav and Mishkin, Pamela and Mcgrew, Bob and Sutskever, Ilya and Chen, Mark},
  booktitle = 	 {International Conference on Machine Learning (ICLR)},
  pages = 	 {16784--16804},
  year = 	 {2022},
  volume = 	 {162},
  series = 	 {Proceedings of Machine Learning Research},
  month = 	 {17--23 Jul},
  publisher =    {PMLR},
}

@article{Ramesh22,
  title={Hierarchical text-conditional image generation with {CLIP} latents},
  author={Ramesh, Aditya and Dhariwal, Prafulla and Nichol, Alex and Chu, Casey and Chen, Mark},
  journal={arXiv preprint arXiv:2204.06125},
  year={2022}
}

@InProceedings{Narek22,
        author    = {Tumanyan, Narek and Geyer, Michal and Bagon, Shai and Dekel, Tali},
        title     = {Plug-and-Play Diffusion Features for Text-Driven Image-to-Image Translation},
        booktitle = {Proceedings of the {IEEE} Conference on Computer Vision and Pattern Recognition (CVPR)},
        month     = {June},
        year      = {2023},
        pages     = {1921-1930}
    }

@inproceedings{Kim22,
  author={Gwanghyun Kim and Taesung Kwon and Jong Chul Ye},
  title={Diffusion{CLIP}: Text-Guided Diffusion Models for Robust Image Manipulation},
  year={2022},
  pages={2416-2425},
  booktitle={Proceedings of the {IEEE} Conference on Computer Vision and Pattern Recognition (CVPR)},
}

@inproceedings{Song21,
title={Denoising Diffusion Implicit Models},
author={Jiaming Song and Chenlin Meng and Stefano Ermon},
booktitle={International Conference on Learning Representations (ICLR)},
year={2021},
}

@inproceedings{Mokady22,
  title={Null-text inversion for editing real images using guided diffusion models},
  author={Mokady, Ron and Hertz, Amir and Aberman, Kfir and Pritch, Yael and Cohen-Or, Daniel},
  booktitle={Proceedings of the {IEEE} Conference on Computer Vision and Pattern Recognition (CVPR)},
  pages={6038--6047},
  year={2023}
}

@inproceedings{Bram22,
  title={{EDICT}: Exact diffusion inversion via coupled transformations},
  author={Wallace, Bram and Gokul, Akash and Naik, Nikhil},
  booktitle={Proceedings of the {IEEE} Conference on Computer Vision and Pattern Recognition (CVPR)},
  pages={22532--22541},
  year={2023}
}

@inproceedings{Ho20,
 author = {Ho, Jonathan and Jain, Ajay and Abbeel, Pieter},
 booktitle = {Advances in Neural Information Processing Systems (NeurIPS)},
 editor = {H. Larochelle and M. Ranzato and R. Hadsell and M.F. Balcan and H. Lin},
 pages = {6840--6851},
 title = {Denoising Diffusion Probabilistic Models},
 volume = {33},
 year = {2020}
}


@article{Adham22,
  title = {Direct Inversion: Optimization-Free Text-Driven Real Image Editing with Diffusion Models},
  author = {Elarabawy, Adham and Kamath, Harish and Denton, Samuel},
  journal = {arXiv preprint arXiv:2211.07825},
  year = {2022},
}

@article{Gihyun22,
  title = {Diffusion-based Image Translation using Disentangled Style and Content Representation},
  author = {Kwon, Gihyun and Ye, Jong Chul},
  journal = {arXiv preprint arXiv:2209.15264},
  year = {2022},
}

@inproceedings{Ho21,
title={Classifier-Free Diffusion Guidance},
author={Jonathan Ho and Tim Salimans},
booktitle={NeurIPS 2021 Workshop on Deep Generative Models and Downstream Applications},
year={2021},
}


@inproceedings{avrahami22,
  title={Blended diffusion for text-driven editing of natural images},
  author={Avrahami, Omri and Lischinski, Dani and Fried, Ohad},
  booktitle={Proceedings of the {IEEE} Conference on Computer Vision and Pattern Recognition (CVPR)},
  pages={18208--18218},
  year={2022}
}

@inproceedings{
Guillaume22,
title={Diff{E}dit: Diffusion-based semantic image editing with mask guidance},
author={Guillaume Couairon and Jakob Verbeek and Holger Schwenk and Matthieu Cord},
booktitle={International Conference on Learning Representations (ICLR) },
year={2023},
}

@article{Saharia21,
  title={Palette: Image-to-Image Diffusion Models},
  author={Chitwan Saharia and William Chan and Huiwen Chang and Chris A. Lee and Jonathan Ho and Tim Salimans and David J. Fleet and Mohammad Norouzi},
  journal={ACM SIGGRAPH 2022 Conference Proceedings},
  year={2021}
}


@article{Ho2021Cascaded,
  title={Cascaded Diffusion Models for High Fidelity Image Generation},
  author={Jonathan Ho and Chitwan Saharia and William Chan and David J. Fleet and Mohammad Norouzi and Tim Salimans},
  journal={Journal of Machine Learning Research},
  year={2021},
  volume={23},
  pages={47:1-47:33}
}

@inproceedings{Brack23,
  title={SEGA: Instructing Text-to-Image Models using Semantic Guidance},
  author={Brack, Manuel and Friedrich, Felix and Hintersdorf, Dominik and Struppek, Lukas and Schramowski, Patrick and Kersting, Kristian},
  booktitle={Advances in Neural Information Processing Systems (NeurIPS)},
  year={2023}
}

@inproceedings{Wu22,
  title={A Latent Space of Stochastic Diffusion Models for Zero-Shot Image Editing and Guidance},
  author={Chen Henry Wu and Fernando De la Torre},
  booktitle={Proceedings of the {IEEE} International Conference on Computer Vision (ICCV)},
  year={2023},
}

@inproceedings{Parmar23,
  title={Zero-shot image-to-image translation},
  author={Parmar, Gaurav and Kumar Singh, Krishna and Zhang, Richard and Li, Yijun and Lu, Jingwan and Zhu, Jun-Yan},
  booktitle={ACM SIGGRAPH 2023 Conference Proceedings},
  pages={1--11},
  year={2023}
}

@inproceedings{Preechakul22,
      title={Diffusion Autoencoders: Toward a Meaningful and Decodable Representation}, 
      author={Preechakul, Konpat and Chatthee, Nattanat and Wizadwongsa, Suttisak and Suwajanakorn, Supasorn},
      booktitle={Proceedings of the {IEEE} Conference on Computer Vision and Pattern Recognition (CVPR)}, 
      pages={10619--10629},
      year={2022},
}

@inproceedings{Shoemake,
  title={Animating rotation with quaternion curves},
  author={Shoemake, Ken},
  booktitle={Proceedings of the 12th annual conference on Computer graphics and interactive techniques},
  pages={245--254},
  year={1985}
}

@article{Valevski22,
      title={Uni{T}une: Text-Driven Image Editing by Fine Tuning an Image Generation Model on a Single Image}, 
      author={Dani Valevski and Matan Kalman and Yossi Matias and Yaniv Leviathan},
      year={2022},
      journal={arXiv preprint arXiv:2210.09477},
}

@inproceedings{Brooks22,
  title={Instruct{P}ix{2}Pix: Learning to Follow Image Editing Instructions},
  author={Brooks, Tim and Holynski, Aleksander and Efros, Alexei A},
  booktitle={Proceedings of the {IEEE} Conference on Computer Vision and Pattern Recognition (CVPR)},
  pages={18392--18402},
  year={2023}
}

@INPROCEEDINGS{Deng09,
  author={Deng, Jia and Dong, Wei and Socher, Richard and Li, Li-Jia and Kai Li and Li Fei-Fei},
  booktitle={Proceedings of the {IEEE} Conference on Computer Vision and Pattern Recognition (CVPR)}, 
  title={Image{N}et: A large-scale hierarchical image database}, 
  year={2009},
  pages={248-255},
  organization={{IEEE}}
  }

@inproceedings{zhang18,
  title={The Unreasonable Effectiveness of Deep Features as a Perceptual Metric},
  author={Zhang, Richard and Isola, Phillip and Efros, Alexei A and Shechtman, Eli and Wang, Oliver},
  booktitle={Proceedings of the {IEEE} Conference on Computer Vision and Pattern Recognition (CVPR)},
  pages={586--595},
  year={2018}
}

@inproceedings{hessel21,
    title = "{CLIPS}core: A Reference-free Evaluation Metric for Image Captioning",
    author = "Hessel, Jack  and
      Holtzman, Ari  and
      Forbes, Maxwell  and
      Le Bras, Ronan  and
      Choi, Yejin",
    booktitle = "Proceedings of the 2021 Conference on Empirical Methods in Natural Language Processing",
    month = nov,
    year = "2021",
}

@inproceedings{Junnan22,
  title={{BLIP}: Bootstrapping language-image pre-training for unified vision-language understanding and generation},
  author={Li, Junnan and Li, Dongxu and Xiong, Caiming and Hoi, Steven},
  booktitle={International Conference on Machine Learning (ICML)},
  pages={12888--12900},
  year={2022},
}